ts_ms,seq,prev_seq,book_side,price,size,type
1766304148358,94558046247,94558046246,bid,88174.2,0.706443,snapshot
1766304148358,94558046247,94558046247,bid,88174,0.000922,snapshot
1766304148358,94558046247,94558046247,bid,88173.7,0.002835,snapshot
1766304148358,94558046247,94558046247,bid,88173.6,0.076772,snapshot
1766304148358,94558046247,94558046247,bid,88173.5,0.054489,snapshot
1766304148358,94558046247,94558046247,bid,88172.9,0.031167,snapshot
1766304148358,94558046247,94558046247,bid,88172.8,0.0006,snapshot
1766304148358,94558046247,94558046247,bid,88172.4,0.03113,snapshot
1766304148358,94558046247,94558046247,bid,88171.9,0.005672,snapshot
1766304148358,94558046247,94558046247,bid,88171.8,0.103,snapshot
1766304148358,94558046247,94558046247,bid,88171.7,0.044667,snapshot
1766304148358,94558046247,94558046247,bid,88170.1,0.001134,snapshot
1766304148358,94558046247,94558046247,bid,88170,0.009081,snapshot
1766304148358,94558046247,94558046247,bid,88169,0.01,snapshot
1766304148358,94558046247,94558046247,bid,88167.2,0.000012,snapshot
1766304148358,94558046247,94558046247,bid,88167.1,0.006105,snapshot
1766304148358,94558046247,94558046247,bid,88167,0.087966,snapshot
1766304148358,94558046247,94558046247,bid,88166.3,0.112554,snapshot
1766304148358,94558046247,94558046247,bid,88166.2,0.102266,snapshot
1766304148358,94558046247,94558046247,bid,88165.4,0.170135,snapshot
1766304148358,94558046247,94558046247,bid,88163.6,0.0002,snapshot
1766304148358,94558046247,94558046247,bid,88163.4,0.000079,snapshot
1766304148358,94558046247,94558046247,bid,88163,0.005671,snapshot
1766304148358,94558046247,94558046247,bid,88162.9,0.0024,snapshot
1766304148358,94558046247,94558046247,bid,88162.8,0.102065,snapshot
1766304148358,94558046247,94558046247,bid,88162.7,0.089887,snapshot
1766304148358,94558046247,94558046247,bid,88162.6,0.102266,snapshot
1766304148358,94558046247,94558046247,bid,88162.2,0.1147,snapshot
1766304148358,94558046247,94558046247,bid,88162.1,0.0306,snapshot
1766304148358,94558046247,94558046247,bid,88162,0.003141,snapshot
1766304148358,94558046247,94558046247,bid,88160.8,0.000086,snapshot
1766304148358,94558046247,94558046247,bid,88158.5,0.17,snapshot
1766304148358,94558046247,94558046247,bid,88158.3,0.105721,snapshot
1766304148358,94558046247,94558046247,bid,88158,0.102266,snapshot
1766304148358,94558046247,94558046247,bid,88157.2,0.0012,snapshot
1766304148358,94558046247,94558046247,bid,88156.1,0.003,snapshot
1766304148358,94558046247,94558046247,bid,88154.2,0.102065,snapshot
1766304148358,94558046247,94558046247,bid,88154.1,0.102266,snapshot
1766304148358,94558046247,94558046247,bid,88154,0.043378,snapshot
1766304148358,94558046247,94558046247,bid,88153.9,0.001,snapshot
1766304148358,94558046247,94558046247,bid,88152.2,0.256228,snapshot
1766304148358,94558046247,94558046247,bid,88152.1,0.360486,snapshot
1766304148358,94558046247,94558046247,bid,88152,0.066129,snapshot
1766304148358,94558046247,94558046247,bid,88151.2,0.001777,snapshot
1766304148358,94558046247,94558046247,bid,88150.5,0.772004,snapshot
1766304148358,94558046247,94558046247,bid,88150.4,0.022685,snapshot
1766304148358,94558046247,94558046247,bid,88150.3,0.102266,snapshot
1766304148358,94558046247,94558046247,bid,88150.2,0.004917,snapshot
1766304148358,94558046247,94558046247,bid,88150,0.125008,snapshot
1766304148358,94558046247,94558046247,bid,88149.9,0.112871,snapshot
1766304148358,94558046247,94558046247,ask,88174.3,0.140538,snapshot
1766304148358,94558046247,94558046247,ask,88177,0.001134,snapshot
1766304148358,94558046247,94558046247,ask,88178.5,0.000086,snapshot
1766304148358,94558046247,94558046247,ask,88178.9,0.000313,snapshot
1766304148358,94558046247,94558046247,ask,88179.1,0.012018,snapshot
1766304148358,94558046247,94558046247,ask,88179.5,0.010002,snapshot
1766304148358,94558046247,94558046247,ask,88180.8,0.03,snapshot
1766304148358,94558046247,94558046247,ask,88181,0.0003,snapshot
1766304148358,94558046247,94558046247,ask,88181.7,0.0006,snapshot
1766304148358,94558046247,94558046247,ask,88181.8,0.003,snapshot
1766304148358,94558046247,94558046247,ask,88182.1,0.057744,snapshot
1766304148358,94558046247,94558046247,ask,88182.2,0.170102,snapshot
1766304148358,94558046247,94558046247,ask,88183.5,0.023397,snapshot
1766304148358,94558046247,94558046247,ask,88186,0.006,snapshot
1766304148358,94558046247,94558046247,ask,88186.8,0.013637,snapshot
1766304148358,94558046247,94558046247,ask,88187.3,0.000086,snapshot
1766304148358,94558046247,94558046247,ask,88190.2,0.003,snapshot
1766304148358,94558046247,94558046247,ask,88191.8,0.005672,snapshot
1766304148358,94558046247,94558046247,ask,88191.9,0.056735,snapshot
1766304148358,94558046247,94558046247,ask,88192.5,0.07059,snapshot
1766304148358,94558046247,94558046247,ask,88192.8,0.1147,snapshot
1766304148358,94558046247,94558046247,ask,88194,0.003,snapshot
1766304148358,94558046247,94558046247,ask,88194.3,0.0007,snapshot
1766304148358,94558046247,94558046247,ask,88194.9,0.009891,snapshot
1766304148358,94558046247,94558046247,ask,88195.4,0.000054,snapshot
1766304148358,94558046247,94558046247,ask,88195.9,0.000376,snapshot
1766304148358,94558046247,94558046247,ask,88196.1,0.000086,snapshot
1766304148358,94558046247,94558046247,ask,88197.1,0.0004,snapshot
1766304148358,94558046247,94558046247,ask,88197.5,0.026506,snapshot
1766304148358,94558046247,94558046247,ask,88197.6,0.044666,snapshot
1766304148358,94558046247,94558046247,ask,88197.9,0.000329,snapshot
1766304148358,94558046247,94558046247,ask,88198,0.043803,snapshot
1766304148358,94558046247,94558046247,ask,88198.9,0.000399,snapshot
1766304148358,94558046247,94558046247,ask,88200,0.002728,snapshot
1766304148358,94558046247,94558046247,ask,88200.8,0.005671,snapshot
1766304148358,94558046247,94558046247,ask,88200.9,0.022682,snapshot
1766304148358,94558046247,94558046247,ask,88201,0.1805,snapshot
1766304148358,94558046247,94558046247,ask,88201.1,0.2,snapshot
1766304148358,94558046247,94558046247,ask,88201.9,0.1147,snapshot
1766304148358,94558046247,94558046247,ask,88202,0.000423,snapshot
1766304148358,94558046247,94558046247,ask,88202.4,0.32375,snapshot
1766304148358,94558046247,94558046247,ask,88202.8,0.1,snapshot
1766304148358,94558046247,94558046247,ask,88204.1,0.063826,snapshot
1766304148358,94558046247,94558046247,ask,88204.3,0.000317,snapshot
1766304148358,94558046247,94558046247,ask,88204.9,0.000086,snapshot
1766304148358,94558046247,94558046247,ask,88205.1,0.000447,snapshot
1766304148358,94558046247,94558046247,ask,88205.5,0.000651,snapshot
1766304148358,94558046247,94558046247,ask,88206.3,0.784969,snapshot
1766304148358,94558046247,94558046247,ask,88206.7,0.011341,snapshot
1766304148358,94558046247,94558046247,ask,88206.8,0.17,snapshot
1766304148377,94558046252,94558046247,bid,88174.2,0.711278,delta
1766304148377,94558046252,94558046252,bid,88167.1,0.001313,delta
1766304148518,94558046272,94558046252,bid,88163.5,0.005671,delta
1766304148518,94558046272,94558046272,bid,88163,0,delta
1766304148537,94558046276,94558046272,bid,88163.5,0,delta
1766304148537,94558046276,94558046276,bid,88163.1,0.005671,delta
1766304148617,94558046290,94558046276,bid,88163.1,0,delta
1766304148617,94558046290,94558046290,bid,88163,0.005671,delta
1766304148998,94558046344,94558046290,bid,88174.2,0.706443,delta
1766304149017,94558046413,94558046344,bid,88171.9,0,delta
1766304149017,94558046413,94558046413,bid,88170,0,delta
1766304149017,94558046413,94558046413,bid,88167,0.003,delta
1766304149017,94558046413,94558046413,bid,88163.9,0.004819,delta
1766304149017,94558046413,94558046413,bid,88163,0,delta
1766304149017,94558046413,94558046413,bid,88160.9,0.005671,delta
1766304149017,94558046413,94558046413,bid,88158.5,0,delta
1766304149017,94558046413,94558046413,bid,88157.8,0.17,delta
1766304149017,94558046413,94558046413,bid,88152.2,0.25623,delta
1766304149017,94558046413,94558046413,bid,88148.6,0.0004,delta
1766304149017,94558046413,94558046413,ask,88174.3,0.265668,delta
1766304149017,94558046413,94558046413,ask,88191.8,0,delta
1766304149017,94558046413,94558046413,ask,88198.8,0.005671,delta
1766304149017,94558046413,94558046413,ask,88200.8,0,delta
1766304149017,94558046413,94558046413,ask,88202.8,0,delta
1766304149017,94558046413,94558046413,ask,88205.9,0.17,delta
1766304149017,94558046413,94558046413,ask,88206.8,0,delta
1766304149017,94558046413,94558046413,ask,88207.1,0.105408,delta
1766304149017,94558046413,94558046413,ask,88207.2,0.102266,delta
1766304149037,94558046431,94558046413,bid,88170.2,0.005672,delta
1766304149037,94558046431,94558046431,bid,88163.9,0,delta
1766304149037,94558046431,94558046431,bid,88159.3,0.004829,delta
1766304149037,94558046431,94558046431,bid,88152.2,0.001,delta
1766304149037,94558046431,94558046431,bid,88150.6,0.255231,delta
1766304149037,94558046431,94558046431,bid,88149.9,0,delta
1766304149037,94558046431,94558046431,bid,88148.6,0,delta
1766304149037,94558046431,94558046431,ask,88190.1,0.005672,delta
1766304149037,94558046431,94558046431,ask,88198.8,0,delta
1766304149037,94558046431,94558046431,ask,88199.9,0.005671,delta
1766304149037,94558046431,94558046431,ask,88202.8,0.1,delta
1766304149037,94558046431,94558046431,ask,88207.1,0,delta
1766304149037,94558046431,94558046431,ask,88207.2,0,delta
1766304149058,94558046439,94558046431,bid,88172.9,0.01753,delta
1766304149058,94558046439,94558046439,bid,88172.2,0.013637,delta
1766304149058,94558046439,94558046439,bid,88152.1,0.615717,delta
1766304149058,94558046439,94558046439,bid,88150.6,0,delta
1766304149058,94558046439,94558046439,ask,88190.1,0,delta
1766304149058,94558046439,94558046439,ask,88191.8,0.005672,delta
1766304149077,94558046448,94558046439,bid,88174.2,0.634615,delta
1766304149077,94558046448,94558046448,bid,88152.1,0.360486,delta
1766304149077,94558046448,94558046448,bid,88150.6,0.255232,delta
1766304149077,94558046448,94558046448,bid,88150,0,delta
1766304149077,94558046448,94558046448,ask,88190.1,0.005672,delta
1766304149077,94558046448,94558046448,ask,88191.8,0,delta
1766304149097,94558046500,94558046448,bid,88174.2,0.400313,delta
1766304149097,94558046500,94558046500,bid,88170.2,0,delta
1766304149097,94558046500,94558046500,bid,88167.2,0.005684,delta
1766304149097,94558046500,94558046500,bid,88160.9,0,delta
1766304149097,94558046500,94558046500,bid,88158.3,0.275721,delta
1766304149097,94558046500,94558046500,bid,88157.8,0,delta
1766304149097,94558046500,94558046500,bid,88157.3,0.005671,delta
1766304149097,94558046500,94558046500,bid,88150,0.125008,delta
1766304149097,94558046500,94558046500,bid,88149.9,0.112871,delta
1766304149097,94558046500,94558046500,ask,88174.3,0.501528,delta
1766304149097,94558046500,94558046500,ask,88178.9,0,delta
1766304149097,94558046500,94558046500,ask,88187.2,0.005672,delta
1766304149097,94558046500,94558046500,ask,88190.1,0,delta
1766304149097,94558046500,94558046500,ask,88197.4,0.005671,delta
1766304149097,94558046500,94558046500,ask,88199.9,0,delta
1766304149097,94558046500,94558046500,ask,88205,0.17,delta
1766304149097,94558046500,94558046500,ask,88205.9,0,delta
1766304149097,94558046500,94558046500,ask,88207.1,0.105408,delta
1766304149117,94558046531,94558046500,bid,88167.2,0.000012,delta
1766304149117,94558046531,94558046531,bid,88166.4,0.005672,delta
1766304149117,94558046531,94558046531,bid,88158.3,0.105721,delta
1766304149117,94558046531,94558046531,bid,88157.9,0.17,delta
1766304149117,94558046531,94558046531,bid,88150.6,0,delta
1766304149117,94558046531,94558046531,bid,88150.4,0.27792,delta
1766304149117,94558046531,94558046531,bid,88149.9,0,delta
1766304149117,94558046531,94558046531,ask,88195.8,0.005671,delta
1766304149117,94558046531,94558046531,ask,88197.4,0,delta
1766304149117,94558046531,94558046531,ask,88203.3,0.17,delta
1766304149117,94558046531,94558046531,ask,88205,0,delta
1766304149137,94558046541,94558046531,bid,88173.7,0,delta
1766304149137,94558046541,94558046541,bid,88172.5,0.002835,delta
1766304149137,94558046541,94558046541,bid,88150.4,0.022685,delta
1766304149157,94558046561,94558046541,bid,88162.4,0.009962,delta
1766304149157,94558046561,94558046561,bid,88159.4,0.005671,delta
1766304149157,94558046561,94558046561,bid,88157.3,0,delta
1766304149157,94558046561,94558046561,bid,88150,0,delta
1766304149157,94558046561,94558046561,ask,88195.8,0,delta
1766304149157,94558046561,94558046561,ask,88197,0.005671,delta
1766304149177,94558046613,94558046561,bid,88172.5,0,delta
1766304149177,94558046613,94558046613,bid,88166.4,0,delta
1766304149177,94558046613,94558046613,bid,88165.5,0.005672,delta
1766304149177,94558046613,94558046613,bid,88163.4,0,delta
1766304149177,94558046613,94558046613,bid,88159.4,0,delta
1766304149177,94558046613,94558046613,bid,88158.4,0.000079,delta
1766304149177,94558046613,94558046613,bid,88158.3,0.275721,delta
1766304149177,94558046613,94558046613,bid,88157.9,0,delta
1766304149177,94558046613,94558046613,bid,88156.2,0.005671,delta
1766304149177,94558046613,94558046613,bid,88150,0.125008,delta
1766304149177,94558046613,94558046613,bid,88149.9,0.112871,delta
1766304149177,94558046613,94558046613,ask,88174.3,0.487928,delta
1766304149177,94558046613,94558046613,ask,88185.9,0.005672,delta
1766304149177,94558046613,94558046613,ask,88187.2,0,delta
1766304149177,94558046613,94558046613,ask,88194.2,0.005671,delta
1766304149177,94558046613,94558046613,ask,88197,0,delta
1766304149177,94558046613,94558046613,ask,88199,0.011348,delta
1766304149177,94558046613,94558046613,ask,88202.3,0.17,delta
1766304149177,94558046613,94558046613,ask,88203.3,0,delta
1766304149177,94558046613,94558046613,ask,88207.1,0,delta
1766304149198,94558046637,94558046613,ask,88174.3,0.495051,delta
1766304149198,94558046637,94558046637,ask,88201,0.219112,delta
1766304149217,94558046647,94558046637,bid,88166.4,0.005671,delta
1766304149217,94558046647,94558046647,bid,88165.5,0,delta
1766304149217,94558046647,94558046647,ask,88185.9,0,delta
1766304149217,94558046647,94558046647,ask,88186.7,0.005671,delta
1766304149217,94558046647,94558046647,ask,88194.2,0,delta
1766304149217,94558046647,94558046647,ask,88194.8,0.005671,delta
1766304149237,94558046654,94558046647,bid,88169.1,0.002836,delta
1766304149237,94558046654,94558046654,bid,88149.9,0,delta
1766304149237,94558046654,94558046654,ask,88194.8,0,delta
1766304149237,94558046654,94558046654,ask,88195.8,0.005671,delta
1766304149258,94558046663,94558046654,bid,88169.7,0.009081,delta
1766304149258,94558046663,94558046663,bid,88150,0,delta
1766304149258,94558046663,94558046663,ask,88174.3,0.503211,delta
1766304149297,94558046673,94558046663,bid,88158.4,0.00575,delta
1766304149297,94558046673,94558046673,bid,88156.2,0,delta
1766304149297,94558046673,94558046673,bid,88150,0.125008,delta
1766304149317,94558046680,94558046673,bid,88167.2,0.005684,delta
1766304149317,94558046680,94558046680,bid,88166.4,0,delta
1766304149317,94558046680,94558046680,bid,88149.9,0.112871,delta
1766304149317,94558046680,94558046680,ask,88186.7,0,delta
1766304149317,94558046680,94558046680,ask,88187.2,0.005672,delta
1766304149338,94558046684,94558046680,ask,88195.8,0,delta
1766304149338,94558046684,94558046684,ask,88196,0.005671,delta
1766304149357,94558046689,94558046684,ask,88174.3,0.473211,delta
1766304149357,94558046689,94558046689,ask,88196,0,delta
1766304149357,94558046689,94558046689,ask,88197,0.005671,delta
1766304149377,94558046692,94558046689,ask,88187.2,0,delta
1766304149377,94558046692,94558046692,ask,88190.1,0.005672,delta
1766304149397,94558046697,94558046692,ask,88183.2,0.013637,delta
1766304149397,94558046697,94558046697,ask,88186.8,0,delta
1766304149418,94558046705,94558046697,bid,88158.5,0.005671,delta
1766304149418,94558046705,94558046705,bid,88158.4,0.000079,delta
1766304149418,94558046705,94558046705,bid,88149.9,0,delta
1766304149517,94558046720,94558046705,ask,88176.4,0.012018,delta
1766304149517,94558046720,94558046720,ask,88179.1,0,delta
1766304149598,94558046743,94558046720,ask,88174.3,0.466411,delta
1766304149598,94558046743,94558046743,ask,88206.2,0.102065,delta
1766304149598,94558046743,94558046743,ask,88206.7,0,delta
1766304149638,94558046760,94558046743,bid,88174.2,0.401449,delta
1766304149657,94558046763,94558046760,bid,88174.2,0.400313,delta
1766304149737,94558046776,94558046763,bid,88159.4,0.005671,delta
1766304149737,94558046776,94558046776,bid,88158.5,0,delta
1766304149758,94558046779,94558046776,bid,88159.4,0,delta
1766304149758,94558046779,94558046779,bid,88158.6,0.005671,delta
1766304149817,94558046794,94558046779,bid,88159.4,0.005671,delta
1766304149817,94558046794,94558046794,bid,88158.6,0,delta
1766304149917,94558046806,94558046794,bid,88169.1,0,delta
1766304149917,94558046806,94558046806,bid,88149.9,0.112871,delta
1766304149977,94558046815,94558046806,bid,88169.8,0.002836,delta
1766304149977,94558046815,94558046815,bid,88149.9,0,delta
1766304150657,94558046963,94558046815,bid,88174.2,0.401449,delta
1766304150678,94558046966,94558046963,bid,88174.2,0.400313,delta
1766304150697,94558046970,94558046966,bid,88172.2,0,delta
1766304150697,94558046970,94558046970,bid,88149.9,0.112871,delta
1766304150718,94558046978,94558046970,bid,88159.4,0,delta
1766304150718,94558046978,94558046978,bid,88158.5,0.005671,delta
1766304150737,94558046982,94558046978,bid,88159.5,0.005671,delta
1766304150737,94558046982,94558046982,bid,88158.5,0,delta
1766304150758,94558046990,94558046982,bid,88159.5,0,delta
1766304150758,94558046990,94558046990,bid,88158.5,0.005672,delta
1766304150758,94558046990,94558046990,ask,88174.3,0.496411,delta
1766304150817,94558047005,94558046990,bid,88159.4,0.005672,delta
1766304150817,94558047005,94558047005,bid,88158.5,0,delta
1766304150857,94558047016,94558047005,bid,88169.9,0.013637,delta
1766304150857,94558047016,94558047016,bid,88149.9,0,delta
1766304150857,94558047016,94558047016,ask,88174.3,0.503211,delta
1766304150877,94558047022,94558047016,bid,88170,0.01231,delta
1766304150877,94558047022,94558047022,bid,88150,0,delta
1766304150997,94558047047,94558047022,ask,88204.1,0,delta
1766304150997,94558047047,94558047047,ask,88206.7,0.011341,delta
1766304151017,94558047090,94558047047,bid,88174.2,0.356856,delta
1766304151017,94558047090,94558047090,bid,88167.2,0.000012,delta
1766304151017,94558047090,94558047090,bid,88167.1,0.006985,delta
1766304151017,94558047090,94558047090,bid,88159.5,0.005672,delta
1766304151017,94558047090,94558047090,bid,88159.4,0,delta
1766304151017,94558047090,94558047090,ask,88183.2,0.128337,delta
1766304151017,94558047090,94558047090,ask,88190,0.005672,delta
1766304151017,94558047090,94558047090,ask,88190.1,0,delta
1766304151017,94558047090,94558047090,ask,88196.9,0.005672,delta
1766304151017,94558047090,94558047090,ask,88197,0,delta
1766304151017,94558047090,94558047090,ask,88202.8,0,delta
1766304151017,94558047090,94558047090,ask,88207.1,0.105408,delta
1766304151037,94558047106,94558047090,ask,88182.1,0.088911,delta
1766304151037,94558047106,94558047106,ask,88202.8,0.1,delta
1766304151037,94558047106,94558047106,ask,88207.1,0,delta
1766304151058,94558047111,94558047106,ask,88174.3,0.473211,delta
1766304151117,94558047129,94558047111,bid,88167.2,0.005684,delta
1766304151117,94558047129,94558047129,bid,88167.1,0.001313,delta
1766304151117,94558047129,94558047129,bid,88159.5,0,delta
1766304151117,94558047129,94558047129,bid,88159.4,0.005672,delta
1766304151117,94558047129,94558047129,ask,88190,0,delta
1766304151117,94558047129,94558047129,ask,88190.1,0.005672,delta
1766304151117,94558047129,94558047129,ask,88196.9,0,delta
1766304151117,94558047129,94558047129,ask,88197,0.005672,delta
1766304151157,94558047137,94558047129,ask,88174.3,0.463011,delta
1766304151177,94558047141,94558047137,bid,88174.2,0.357456,delta
1766304151298,94558047162,94558047141,bid,88159.4,0,delta
1766304151298,94558047162,94558047162,bid,88158.5,0.005672,delta
1766304151338,94558047176,94558047162,ask,88174.3,0.458481,delta
1766304151397,94558047188,94558047176,bid,88174.2,0.355456,delta
1766304151397,94558047188,94558047188,ask,88174.3,0.459081,delta
1766304151438,94558047197,94558047188,ask,88174.3,0.463131,delta
1766304151497,94558047241,94558047197,bid,88174.2,0.590116,delta
1766304151497,94558047241,94558047241,bid,88159.4,0.005672,delta
1766304151497,94558047241,94558047241,bid,88158.5,0,delta
1766304151497,94558047241,94558047241,ask,88174.3,0.14697,delta
1766304151497,94558047241,94558047241,ask,88183.2,0,delta
1766304151497,94558047241,94558047241,ask,88197,0,delta
1766304151497,94558047241,94558047241,ask,88197.8,0.005672,delta
1766304151497,94558047241,94558047241,ask,88207.1,0.105408,delta
1766304151517,94558047362,94558047241,bid,88174.2,0.596444,delta
1766304151517,94558047362,94558047362,bid,88173.7,0.013637,delta
1766304151517,94558047362,94558047362,bid,88172.5,0.002836,delta
1766304151517,94558047362,94558047362,bid,88169.9,0,delta
1766304151517,94558047362,94558047362,bid,88169.8,0,delta
1766304151517,94558047362,94558047362,bid,88167.2,0.000012,delta
1766304151517,94558047362,94558047362,bid,88167,0.078,delta
1766304151517,94558047362,94558047362,bid,88163.7,0.005671,delta
1766304151517,94558047362,94558047362,bid,88162.4,0,delta
1766304151517,94558047362,94558047362,bid,88159.4,0,delta
1766304151517,94558047362,94558047362,bid,88159.3,0,delta
1766304151517,94558047362,94558047362,bid,88150,0.125008,delta
1766304151517,94558047362,94558047362,bid,88149.9,0.112871,delta
1766304151517,94558047362,94558047362,ask,88174.3,0.15809,delta
1766304151517,94558047362,94558047362,ask,88176.4,0,delta
1766304151517,94558047362,94558047362,ask,88181,0,delta
1766304151517,94558047362,94558047362,ask,88181.8,0,delta
1766304151517,94558047362,94558047362,ask,88182.1,0.057744,delta
1766304151517,94558047362,94558047362,ask,88186.2,0.0003,delta
1766304151517,94558047362,94558047362,ask,88187,0.013637,delta
1766304151517,94558047362,94558047362,ask,88190.1,0,delta
1766304151517,94558047362,94558047362,ask,88197.8,0,delta
1766304151517,94558047362,94558047362,ask,88199,0,delta
1766304151517,94558047362,94558047362,ask,88201,0.144112,delta
1766304151517,94558047362,94558047362,ask,88202.2,0.005671,delta
1766304151517,94558047362,94558047362,ask,88206.2,0,delta
1766304151517,94558047362,94558047362,ask,88206.8,0.011347,delta
1766304151517,94558047362,94558047362,ask,88207.2,0.102266,delta
1766304151517,94558047362,94558047362,ask,88207.4,0.121746,delta
1766304151517,94558047362,94558047362,ask,88207.5,0.000625,delta
1766304151537,94558047392,94558047362,bid,88171.9,0.005672,delta
1766304151537,94558047392,94558047392,bid,88170,0,delta
1766304151537,94558047392,94558047392,ask,88192.7,0.005672,delta
1766304151537,94558047392,94558047392,ask,88207.5,0,delta
1766304151558,94558047410,94558047392,bid,88174.2,0.598444,delta
1766304151558,94558047410,94558047410,ask,88180.9,0.0003,delta
1766304151558,94558047410,94558047410,ask,88183.5,0.000722,delta
1766304151558,94558047410,94558047410,ask,88186.2,0,delta
1766304151558,94558047410,94558047410,ask,88193.2,0.022675,delta
1766304151558,94558047410,94558047410,ask,88207.4,0,delta
1766304151577,94558047421,94558047410,bid,88174.2,0.601279,delta
1766304151577,94558047421,94558047421,bid,88172.5,0,delta
1766304151577,94558047421,94558047421,bid,88162.4,0.009825,delta
1766304151577,94558047421,94558047421,bid,88150.6,0.255235,delta
1766304151577,94558047421,94558047421,bid,88149.9,0,delta
1766304151598,94558047431,94558047421,bid,88174.1,0.005672,delta
1766304151598,94558047431,94558047431,bid,88171.9,0,delta
1766304151598,94558047431,94558047431,ask,88174.3,0.1599,delta
1766304151598,94558047431,94558047431,ask,88192.7,0,delta
1766304151598,94558047431,94558047431,ask,88193.9,0.005672,delta
1766304151617,94558047442,94558047431,bid,88174.1,0,delta
1766304151617,94558047442,94558047442,bid,88173.7,0.019309,delta
1766304151617,94558047442,94558047442,bid,88149.9,0.112871,delta
1766304151638,94558047455,94558047442,bid,88163,0.000079,delta
1766304151638,94558047455,94558047455,bid,88158.4,0,delta
1766304151658,94558047460,94558047455,ask,88174.3,0.1549,delta
1766304151677,94558047467,94558047460,ask,88201.9,0.120371,delta
1766304151677,94558047467,94558047467,ask,88202.2,0,delta
1766304151677,94558047467,94558047467,ask,88207.4,0.121746,delta
1766304151717,94558047482,94558047467,bid,88173.8,0.005672,delta
1766304151717,94558047482,94558047482,bid,88173.7,0.013637,delta
1766304151717,94558047482,94558047482,bid,88149.9,0,delta
1766304151717,94558047482,94558047482,ask,88201.9,0.1147,delta
1766304151717,94558047482,94558047482,ask,88202.2,0.005671,delta
1766304151717,94558047482,94558047482,ask,88207.4,0,delta
1766304151757,94558047491,94558047482,bid,88152.1,0.615717,delta
1766304151757,94558047491,94558047491,bid,88150.6,0,delta
1766304151757,94558047491,94558047491,bid,88149.9,0.112871,delta
1766304151757,94558047491,94558047491,ask,88174.3,0.15253,delta
1766304151818,94558047502,94558047491,bid,88152.2,0.256231,delta
1766304151818,94558047502,94558047502,bid,88152.1,0.360486,delta
1766304151858,94558047509,94558047502,bid,88173.8,0,delta
1766304151858,94558047509,94558047509,bid,88173.7,0.019309,delta
1766304151858,94558047509,94558047509,bid,88148.6,0.0004,delta
1766304151978,94558047532,94558047509,bid,88173.8,0.005672,delta
1766304151978,94558047532,94558047532,bid,88173.7,0.013637,delta
1766304151978,94558047532,94558047532,bid,88148.6,0,delta
1766304151998,94558047538,94558047532,bid,88152.2,0.001,delta
1766304151998,94558047538,94558047538,bid,88152.1,0.615717,delta
1766304151998,94558047538,94558047538,ask,88205.1,0.062944,delta
1766304152017,94558047578,94558047538,bid,88152.2,0.256231,delta
1766304152017,94558047578,94558047578,bid,88152.1,0.360486,delta
1766304152038,94558047582,94558047578,ask,88181.7,0.012489,delta
1766304152118,94558047598,94558047582,ask,88193.8,0.005672,delta
1766304152118,94558047598,94558047598,ask,88193.9,0,delta
1766304152137,94558047603,94558047598,bid,88150.5,0,delta
1766304152137,94558047603,94558047603,bid,88148.6,0.0004,delta
1766304152137,94558047603,94558047603,ask,88206.3,0,delta
1766304152137,94558047603,94558047603,ask,88207.4,0.121746,delta
1766304152158,94558047608,94558047603,bid,88152.1,0,delta
1766304152158,94558047608,94558047608,bid,88148,0.067053,delta
1766304152158,94558047608,94558047608,ask,88202.4,0,delta
1766304152158,94558047608,94558047608,ask,88207.5,0.000625,delta
1766304152217,94558047621,94558047608,ask,88193.8,0,delta
1766304152217,94558047621,94558047621,ask,88193.9,0.005672,delta
1766304152238,94558047626,94558047621,ask,88202.2,0,delta
1766304152238,94558047626,94558047626,ask,88202.7,0.005671,delta
1766304152257,94558047632,94558047626,bid,88152.2,0.001,delta
1766304152257,94558047632,94558047632,bid,88152.1,0.255229,delta
1766304152257,94558047632,94558047632,bid,88148,0,delta
1766304152257,94558047632,94558047632,ask,88197.6,0,delta
1766304152257,94558047632,94558047632,ask,88207.8,0.000641,delta
1766304152277,94558047636,94558047632,ask,88197.5,0.013173,delta
1766304152297,94558047643,94558047636,bid,88150.5,0.790016,delta
1766304152297,94558047643,94558047643,bid,88148.6,0,delta
1766304152297,94558047643,94558047643,ask,88202.2,0.005671,delta
1766304152297,94558047643,94558047643,ask,88202.7,0,delta
1766304152318,94558047647,94558047643,bid,88152.3,0.255229,delta
1766304152318,94558047647,94558047647,bid,88152.1,0,delta
1766304152337,94558047652,94558047647,bid,88152.3,0,delta
1766304152337,94558047652,94558047652,bid,88152.1,0.255229,delta
1766304152358,94558047658,94558047652,bid,88174.2,0.632479,delta
1766304152358,94558047658,94558047658,ask,88179.1,0.00569,delta
1766304152358,94558047658,94558047658,ask,88196.7,0.044665,delta
1766304152358,94558047658,94558047658,ask,88207.5,0,delta
1766304152358,94558047658,94558047658,ask,88207.8,0,delta
1766304152377,94558047664,94558047658,ask,88196.6,0.026625,delta
1766304152377,94558047664,94558047664,ask,88197.5,0,delta
1766304152437,94558047678,94558047664,bid,88173.8,0,delta
1766304152437,94558047678,94558047678,bid,88173.6,0.082444,delta
1766304152437,94558047678,94558047678,bid,88148.6,0.0004,delta
1766304152437,94558047678,94558047678,ask,88193.1,0.005672,delta
1766304152437,94558047678,94558047678,ask,88193.9,0,delta
1766304152457,94558047681,94558047678,ask,88193.1,0,delta
1766304152457,94558047681,94558047681,ask,88193.9,0.005672,delta
1766304152517,94558047690,94558047681,bid,88173.8,0.005672,delta
1766304152517,94558047690,94558047690,bid,88173.6,0.076772,delta
1766304152517,94558047690,94558047690,bid,88148.6,0,delta
1766304152517,94558047690,94558047690,ask,88202.2,0,delta
1766304152517,94558047690,94558047690,ask,88202.7,0.005671,delta
1766304152557,94558047696,94558047690,ask,88202.2,0.005671,delta
1766304152557,94558047696,94558047696,ask,88202.7,0,delta
1766304152657,94558047724,94558047696,bid,88174.2,0.627285,delta
1766304152657,94558047724,94558047724,bid,88165.2,0.004824,delta
1766304152657,94558047724,94558047724,bid,88152.1,0.621091,delta
1766304152657,94558047724,94558047724,bid,88149.9,0,delta
1766304152737,94558047742,94558047724,bid,88152.2,0.256228,delta
1766304152737,94558047742,94558047742,bid,88152.1,0.365862,delta
1766304152737,94558047742,94558047742,ask,88174.3,0.17633,delta
1766304152758,94558047745,94558047742,ask,88200,0.077728,delta
1766304152797,94558047756,94558047745,bid,88174.2,0.632474,delta
1766304152797,94558047756,94558047756,bid,88165.2,0,delta
1766304152797,94558047756,94558047756,bid,88149.9,0.112871,delta
1766304152817,94558047764,94558047756,ask,88200,0.002728,delta
1766304152897,94558047787,94558047764,bid,88174.2,0.638146,delta
1766304152897,94558047787,94558047787,bid,88173.8,0,delta
1766304152897,94558047787,94558047787,bid,88163.8,0.005671,delta
1766304152897,94558047787,94558047787,bid,88163.7,0,delta
1766304152897,94558047787,94558047787,bid,88148.6,0.0004,delta
1766304152897,94558047787,94558047787,ask,88193.9,0,delta
1766304152897,94558047787,94558047787,ask,88194.2,0.005672,delta
1766304152897,94558047787,94558047787,ask,88196.7,0,delta
1766304152897,94558047787,94558047787,ask,88202.2,0,delta
1766304152897,94558047787,94558047787,ask,88202.7,0.005671,delta
1766304152897,94558047787,94558047787,ask,88207.5,0.000625,delta
1766304152917,94558047803,94558047787,bid,88174.2,0.629639,delta
1766304152917,94558047803,94558047803,bid,88173.8,0.005672,delta
1766304152917,94558047803,94558047803,bid,88163.9,0.005671,delta
1766304152917,94558047803,94558047803,bid,88163.8,0,delta
1766304152917,94558047803,94558047803,bid,88148.6,0,delta
1766304152917,94558047803,94558047803,ask,88193.9,0.005672,delta
1766304152917,94558047803,94558047803,ask,88194.2,0,delta
1766304152917,94558047803,94558047803,ask,88196.6,0.013293,delta
1766304152917,94558047803,94558047803,ask,88202.6,0.005671,delta
1766304152917,94558047803,94558047803,ask,88202.7,0,delta
1766304152937,94558047811,94558047803,bid,88174.2,0.635311,delta
1766304152937,94558047811,94558047811,bid,88173.8,0,delta
1766304152937,94558047811,94558047811,bid,88148.6,0.0004,delta
1766304152998,94558047827,94558047811,bid,88174.2,0.638146,delta
1766304152998,94558047827,94558047827,ask,88196.9,0.044665,delta
1766304152998,94558047827,94558047827,ask,88207.5,0,delta
1766304153017,94558047871,94558047827,bid,88174.2,0.632474,delta
1766304153017,94558047871,94558047871,bid,88173.8,0.005672,delta
1766304153017,94558047871,94558047871,bid,88163.9,0,delta
1766304153017,94558047871,94558047871,bid,88163.7,0.005671,delta
1766304153017,94558047871,94558047871,bid,88148.6,0,delta
1766304153017,94558047871,94558047871,ask,88196.6,0.024926,delta
1766304153017,94558047871,94558047871,ask,88202.2,0.005671,delta
1766304153017,94558047871,94558047871,ask,88202.6,0,delta
1766304153038,94558047876,94558047871,bid,88174.2,0.638146,delta
1766304153038,94558047876,94558047876,bid,88173.8,0,delta
1766304153038,94558047876,94558047876,bid,88148.6,0.0004,delta
1766304153057,94558047880,94558047876,bid,88174.2,0.632474,delta
1766304153057,94558047880,94558047880,bid,88173.9,0.005672,delta
1766304153057,94558047880,94558047880,bid,88148.6,0,delta
1766304153077,94558047896,94558047880,bid,88163.8,0.005671,delta
1766304153077,94558047896,94558047896,bid,88163.7,0,delta
1766304153077,94558047896,94558047896,ask,88174.3,0.179377,delta
1766304153077,94558047896,94558047896,ask,88182.2,0.173102,delta
1766304153077,94558047896,94558047896,ask,88184.2,0.003,delta
1766304153077,94558047896,94558047896,ask,88187.2,0.003,delta
1766304153077,94558047896,94558047896,ask,88190.2,0,delta
1766304153077,94558047896,94558047896,ask,88194,0,delta
1766304153077,94558047896,94558047896,ask,88202.2,0,delta
1766304153077,94558047896,94558047896,ask,88202.7,0.005671,delta
1766304153097,94558047904,94558047896,bid,88174.2,0.638146,delta
1766304153097,94558047904,94558047904,bid,88173.9,0,delta
1766304153097,94558047904,94558047904,bid,88148.6,0.0004,delta
1766304153097,94558047904,94558047904,ask,88193.9,0,delta
1766304153097,94558047904,94558047904,ask,88194.2,0.005672,delta
1766304153117,94558047912,94558047904,bid,88174.2,0.632474,delta
1766304153117,94558047912,94558047912,bid,88173.8,0.005672,delta
1766304153117,94558047912,94558047912,bid,88163.8,0,delta
1766304153117,94558047912,94558047912,bid,88163.7,0.005671,delta
1766304153117,94558047912,94558047912,bid,88148.6,0,delta
1766304153117,94558047912,94558047912,ask,88202.2,0.005671,delta
1766304153117,94558047912,94558047912,ask,88202.7,0,delta
1766304153357,94558047945,94558047912,bid,88173.8,0,delta
1766304153357,94558047945,94558047945,bid,88173.7,0.019309,delta
1766304153357,94558047945,94558047945,bid,88148.6,0.0004,delta
1766304153398,94558047958,94558047945,bid,88173.7,0.013637,delta
1766304153398,94558047958,94558047958,bid,88173,0.005672,delta
1766304153398,94558047958,94558047958,bid,88148.6,0,delta
1766304153398,94558047958,94558047958,ask,88193.1,0.005672,delta
1766304153398,94558047958,94558047958,ask,88194.2,0,delta
1766304153398,94558047958,94558047958,ask,88201.8,0.005671,delta
1766304153398,94558047958,94558047958,ask,88202.2,0,delta
1766304153418,94558047965,94558047958,bid,88174.2,0.601274,delta
1766304153418,94558047965,94558047965,bid,88173.8,0.005672,delta
1766304153418,94558047965,94558047965,bid,88173,0,delta
1766304153418,94558047965,94558047965,ask,88193.1,0,delta
1766304153418,94558047965,94558047965,ask,88194.2,0.005672,delta
1766304153418,94558047965,94558047965,ask,88201.8,0,delta
1766304153418,94558047965,94558047965,ask,88202.2,0.005671,delta
1766304153458,94558047972,94558047965,ask,88202.2,0,delta
1766304153458,94558047972,94558047972,ask,88202.7,0.005671,delta
1766304153517,94558047980,94558047972,bid,88174.1,0.005672,delta
1766304153517,94558047980,94558047980,bid,88173.8,0,delta
1766304153698,94558048005,94558047980,bid,88174.2,0.60241,delta
1766304153717,94558048012,94558048005,bid,88174.2,0.601274,delta
1766304153717,94558048012,94558048012,ask,88207.1,0.318336,delta
1766304153838,94558048033,94558048012,bid,88174.2,0.5809,delta
1766304153838,94558048033,94558048033,bid,88161.4,0.004822,delta
1766304153838,94558048033,94558048033,bid,88149.9,0,delta
1766304153838,94558048033,94558048033,ask,88200,0.077728,delta
1766304153857,94558048037,94558048033,bid,88174.1,0,delta
1766304153857,94558048037,94558048037,bid,88173.8,0.005672,delta
1766304153857,94558048037,94558048037,bid,88167,0.003,delta
1766304153877,94558048041,94558048037,bid,88167,0.078,delta
1766304153897,94558048048,94558048041,ask,88205.1,0.000447,delta
1766304153937,94558048059,94558048048,bid,88174.1,0.005672,delta
1766304153937,94558048059,94558048059,bid,88173.8,0,delta
1766304153937,94558048059,94558048059,bid,88154.3,0.255225,delta
1766304153937,94558048059,94558048059,bid,88152.2,0.001,delta
1766304153937,94558048059,94558048059,bid,88150,0,delta
1766304153957,94558048062,94558048059,bid,88158.3,0.33839,delta
1766304153977,94558048064,94558048062,bid,88154.3,0,delta
1766304153977,94558048064,94558048064,bid,88154.2,0.35729,delta
1766304153977,94558048064,94558048064,bid,88150,0.125008,delta
1766304153997,94558048071,94558048064,bid,88174.2,0.586173,delta
1766304153997,94558048071,94558048071,bid,88161.4,0,delta
1766304153997,94558048071,94558048071,bid,88149.9,0.112871,delta
1766304153997,94558048071,94558048071,ask,88200,0.002728,delta
1766304154017,94558048110,94558048071,bid,88154.2,0.102065,delta
1766304154017,94558048110,94558048110,bid,88154.1,0.357492,delta
1766304154057,94558048119,94558048110,bid,88154.1,0.102266,delta
1766304154057,94558048119,94558048119,bid,88152.2,0.256227,delta
1766304154077,94558048125,94558048119,bid,88167.5,0.000079,delta
1766304154077,94558048125,94558048125,bid,88163,0,delta
1766304154077,94558048125,94558048125,bid,88158.3,0.275721,delta
1766304154118,94558048141,94558048125,bid,88154.2,0.35729,delta
1766304154118,94558048141,94558048141,bid,88152.2,0.001,delta
1766304154137,94558048145,94558048141,bid,88158.3,0.33839,delta
1766304154157,94558048157,94558048145,bid,88174.1,0,delta
1766304154157,94558048157,94558048157,bid,88173.8,0.005672,delta
1766304154157,94558048157,94558048157,bid,88163.8,0.005671,delta
1766304154157,94558048157,94558048157,bid,88163.7,0,delta
1766304154157,94558048157,94558048157,bid,88154.2,0.102065,delta
1766304154157,94558048157,94558048157,bid,88154.1,0.357491,delta
1766304154157,94558048157,94558048157,ask,88202.6,0.005671,delta
1766304154157,94558048157,94558048157,ask,88202.7,0,delta
1766304154177,94558048166,94558048157,bid,88173.9,0.005672,delta
1766304154177,94558048166,94558048166,bid,88173.8,0,delta
1766304154177,94558048166,94558048166,ask,88202.6,0,delta
1766304154177,94558048166,94558048166,ask,88204.2,0.005671,delta
1766304154198,94558048186,94558048166,bid,88174.2,0.583173,delta
1766304154198,94558048186,94558048186,bid,88172.8,0,delta
1766304154198,94558048186,94558048186,bid,88167.1,0.000113,delta
1766304154198,94558048186,94558048186,bid,88162.1,0.03,delta
1766304154198,94558048186,94558048186,bid,88148.6,0.0004,delta
1766304154217,94558048192,94558048186,bid,88173.9,0,delta
1766304154217,94558048192,94558048192,bid,88173.8,0.005672,delta
1766304154217,94558048192,94558048192,bid,88163.8,0,delta
1766304154217,94558048192,94558048192,bid,88163.7,0.005671,delta
1766304154217,94558048192,94558048192,ask,88202.7,0.005671,delta
1766304154217,94558048192,94558048192,ask,88204.2,0,delta
1766304154238,94558048198,94558048192,bid,88174.2,0.5779,delta
1766304154238,94558048198,94558048198,bid,88158.3,0.275721,delta
1766304154238,94558048198,94558048198,bid,88154.1,0.102266,delta
1766304154238,94558048198,94558048198,bid,88152.2,0.256226,delta
1766304154257,94558048202,94558048198,bid,88165.5,0.004844,delta
1766304154257,94558048202,94558048202,bid,88154.2,0.35729,delta
1766304154257,94558048202,94558048202,bid,88152.2,0.001,delta
1766304154257,94558048202,94558048202,bid,88148.6,0,delta
1766304154277,94558048204,94558048202,bid,88158.3,0.33839,delta
1766304154297,94558048213,94558048204,bid,88154.2,0.102065,delta
1766304154297,94558048213,94558048213,bid,88154.1,0.357491,delta
1766304154318,94558048218,94558048213,bid,88174.1,0.005672,delta
1766304154318,94558048218,94558048218,bid,88173.8,0,delta
1766304154337,94558048223,94558048218,bid,88174.2,0.6091,delta
1766304154358,94558048228,94558048223,bid,88154.1,0.102266,delta
1766304154358,94558048228,94558048228,bid,88152.2,0.256226,delta
1766304154377,94558048230,94558048228,bid,88158.3,0.275721,delta
1766304154398,94558048238,94558048230,ask,88205.2,0.063788,delta
1766304154398,94558048238,94558048238,ask,88207.4,0,delta
1766304154418,94558048244,94558048238,bid,88174.2,0.615447,delta
1766304154418,94558048244,94558048244,bid,88165.5,0,delta
1766304154418,94558048244,94558048244,bid,88148.6,0.0004,delta
1766304154418,94558048244,94558048244,ask,88174.3,0.179977,delta
1766304154598,94558048274,94558048244,bid,88174.2,0.621119,delta
1766304154598,94558048274,94558048274,bid,88174.1,0,delta
1766304154598,94558048274,94558048274,bid,88163.8,0.005671,delta
1766304154598,94558048274,94558048274,bid,88163.7,0,delta
1766304154598,94558048274,94558048274,bid,88148,0.067053,delta
1766304154598,94558048274,94558048274,ask,88202.6,0.005671,delta
1766304154598,94558048274,94558048274,ask,88202.7,0,delta
1766304154617,94558048283,94558048274,bid,88174.2,0.615447,delta
1766304154617,94558048283,94558048283,bid,88173.8,0.005672,delta
1766304154617,94558048283,94558048283,bid,88163.8,0,delta
1766304154617,94558048283,94558048283,bid,88163.7,0.005671,delta
1766304154617,94558048283,94558048283,bid,88148,0,delta
1766304154617,94558048283,94558048283,ask,88202.5,0.005671,delta
1766304154617,94558048283,94558048283,ask,88202.6,0,delta
1766304154638,94558048289,94558048283,bid,88173.9,0.005672,delta
1766304154638,94558048289,94558048289,bid,88173.8,0,delta
1766304154717,94558048300,94558048289,bid,88174.1,0.005672,delta
1766304154717,94558048300,94558048300,bid,88173.9,0,delta
1766304154717,94558048300,94558048300,ask,88202.5,0,delta
1766304154717,94558048300,94558048300,ask,88202.7,0.005671,delta
1766304154738,94558048318,94558048300,bid,88174.2,0.6091,delta
1766304154738,94558048318,94558048318,bid,88174.1,0,delta
1766304154738,94558048318,94558048318,bid,88173.8,0.005672,delta
1766304154738,94558048318,94558048318,bid,88169.6,0.004808,delta
1766304154738,94558048318,94558048318,bid,88163.8,0.005671,delta
1766304154738,94558048318,94558048318,bid,88163.7,0,delta
1766304154738,94558048318,94558048318,bid,88148.6,0,delta
1766304154738,94558048318,94558048318,ask,88202.6,0.005671,delta
1766304154738,94558048318,94558048318,ask,88202.7,0,delta
1766304154817,94558048342,94558048318,bid,88169.7,0,delta
1766304154817,94558048342,94558048342,bid,88168.8,0.009081,delta
1766304154817,94558048342,94558048342,bid,88163.8,0,delta
1766304154817,94558048342,94558048342,bid,88163.7,0.005671,delta
1766304154817,94558048342,94558048342,ask,88202.6,0,delta
1766304154817,94558048342,94558048342,ask,88202.7,0.005671,delta
1766304154837,94558048347,94558048342,bid,88173.8,0,delta
1766304154837,94558048347,94558048347,bid,88173.7,0.019309,delta
1766304154837,94558048347,94558048347,bid,88148.6,0.0004,delta
1766304154858,94558048351,94558048347,bid,88174.2,0.613903,delta
1766304154858,94558048351,94558048351,bid,88169.6,0,delta
1766304154858,94558048351,94558048351,bid,88148,0.067053,delta
1766304154877,94558048366,94558048351,bid,88174.2,0.6091,delta
1766304154877,94558048366,94558048366,bid,88173.8,0.005672,delta
1766304154877,94558048366,94558048366,bid,88173.7,0.013637,delta
1766304154877,94558048366,94558048366,bid,88169.4,0.004807,delta
1766304154877,94558048366,94558048366,bid,88163.8,0.005671,delta
1766304154877,94558048366,94558048366,bid,88163.7,0,delta
1766304154877,94558048366,94558048366,bid,88148.6,0,delta
1766304154877,94558048366,94558048366,bid,88148,0,delta
1766304154918,94558048377,94558048366,ask,88200,0.077728,delta
1766304154918,94558048377,94558048377,ask,88202.2,0.005671,delta
1766304154918,94558048377,94558048377,ask,88202.7,0,delta
1766304154977,94558048387,94558048377,ask,88202.2,0,delta
1766304154977,94558048387,94558048387,ask,88202.7,0.005671,delta
1766304154999,94558048391,94558048387,ask,88174.3,0.181787,delta
1766304155017,94558048432,94558048391,bid,88174.2,0.61454,delta
1766304155017,94558048432,94558048432,bid,88169.4,0,delta
1766304155017,94558048432,94558048432,bid,88163.8,0,delta
1766304155017,94558048432,94558048432,bid,88163.7,0.005671,delta
1766304155017,94558048432,94558048432,bid,88148.6,0.0004,delta
1766304155037,94558048438,94558048432,bid,88174.2,0.620212,delta
1766304155037,94558048438,94558048438,bid,88173.8,0,delta
1766304155037,94558048438,94558048438,bid,88148,0.067053,delta
1766304155057,94558048443,94558048438,bid,88174.2,0.61454,delta
1766304155057,94558048443,94558048443,bid,88173.8,0.005672,delta
1766304155057,94558048443,94558048443,bid,88148,0,delta
1766304155077,94558048454,94558048443,bid,88173.9,0.005672,delta
1766304155077,94558048454,94558048454,bid,88173.8,0,delta
1766304155077,94558048454,94558048454,bid,88163.8,0.005671,delta
1766304155077,94558048454,94558048454,bid,88163.7,0,delta
1766304155077,94558048454,94558048454,ask,88202.6,0.005671,delta
1766304155077,94558048454,94558048454,ask,88202.7,0,delta
1766304155117,94558048467,94558048454,bid,88173.9,0,delta
1766304155117,94558048467,94558048467,bid,88173.8,0.005672,delta
1766304155117,94558048467,94558048467,bid,88163.8,0,delta
1766304155117,94558048467,94558048467,bid,88163.7,0.005671,delta
1766304155117,94558048467,94558048467,ask,88174.3,0.179977,delta
1766304155117,94558048467,94558048467,ask,88202.6,0,delta
1766304155117,94558048467,94558048467,ask,88202.7,0.005671,delta
1766304155137,94558048473,94558048467,ask,88178.8,0.011214,delta
1766304155137,94558048473,94558048473,ask,88181.7,0.0006,delta
1766304155137,94558048473,94558048473,ask,88200,0.002728,delta
1766304155137,94558048473,94558048473,ask,88207.2,0,delta
1766304155177,94558048478,94558048473,bid,88162.4,0.032892,delta
1766304155217,94558048485,94558048478,ask,88202.2,0.005671,delta
1766304155217,94558048485,94558048485,ask,88202.7,0,delta
1766304155237,94558048493,94558048485,bid,88174.2,0.620212,delta
1766304155237,94558048493,94558048493,bid,88173.8,0,delta
1766304155237,94558048493,94558048493,bid,88165.5,0.005671,delta
1766304155237,94558048493,94558048493,bid,88163.7,0,delta
1766304155237,94558048493,94558048493,bid,88148,0.067053,delta
1766304155237,94558048493,94558048493,ask,88178.8,0,delta
1766304155237,94558048493,94558048493,ask,88202.2,0,delta
1766304155237,94558048493,94558048493,ask,88202.7,0.005671,delta
1766304155237,94558048493,94558048493,ask,88207.2,0.102266,delta
1766304155257,94558048502,94558048493,bid,88174.2,0.61454,delta
1766304155257,94558048502,94558048502,bid,88173.8,0.005672,delta
1766304155257,94558048502,94558048502,bid,88165.5,0,delta
1766304155257,94558048502,94558048502,bid,88163.8,0.005671,delta
1766304155257,94558048502,94558048502,bid,88148,0,delta
1766304155257,94558048502,94558048502,ask,88181.2,0.011214,delta
1766304155257,94558048502,94558048502,ask,88207.2,0,delta
1766304155277,94558048541,94558048502,bid,88174.2,0.58574,delta
1766304155277,94558048541,94558048541,bid,88173.8,0,delta
1766304155277,94558048541,94558048541,bid,88173.7,0,delta
1766304155277,94558048541,94558048541,bid,88173.6,0.080541,delta
1766304155277,94558048541,94558048541,bid,88166.2,0,delta
1766304155277,94558048541,94558048541,bid,88162.4,0.009825,delta
1766304155277,94558048541,94558048541,bid,88150.5,0,delta
1766304155277,94558048541,94558048541,bid,88148,0.067053,delta
1766304155277,94558048541,94558048541,bid,88147.2,0.102065,delta
1766304155277,94558048541,94558048541,bid,88147.1,0.1147,delta
1766304155277,94558048541,94558048541,bid,88146.4,0.022278,delta
1766304155277,94558048541,94558048541,ask,88174.3,0.209977,delta
1766304155277,94558048541,94558048541,ask,88181.2,0,delta
1766304155277,94558048541,94558048541,ask,88207.2,0.102266,delta
1766304155297,94558048582,94558048541,bid,88173.6,0.074869,delta
1766304155297,94558048582,94558048582,bid,88171.8,0.1,delta
1766304155297,94558048582,94558048582,bid,88170.2,0.005672,delta
1766304155297,94558048582,94558048582,bid,88167,0.003,delta
1766304155297,94558048582,94558048582,bid,88166.3,0.083721,delta
1766304155297,94558048582,94558048582,bid,88163.8,0,delta
1766304155297,94558048582,94558048582,bid,88163,0.005671,delta
1766304155297,94558048582,94558048582,bid,88152.1,0,delta
1766304155297,94558048582,94558048582,ask,88174.3,0.415837,delta
1766304155297,94558048582,94558048582,ask,88178.7,0.011214,delta
1766304155297,94558048582,94558048582,ask,88191.8,0.005672,delta
1766304155297,94558048582,94558048582,ask,88192,0.075,delta
1766304155297,94558048582,94558048582,ask,88194.2,0,delta
1766304155297,94558048582,94558048582,ask,88200.8,0.005671,delta
1766304155297,94558048582,94558048582,ask,88202.7,0,delta
1766304155297,94558048582,94558048582,ask,88207.1,0,delta
1766304155297,94558048582,94558048582,ask,88207.2,0,delta
1766304155317,94558048607,94558048582,bid,88174.2,0.582905,delta
1766304155317,94558048607,94558048607,bid,88163,0,delta
1766304155317,94558048607,94558048607,bid,88162.5,0.005671,delta
1766304155317,94558048607,94558048607,bid,88152.3,0.206526,delta
1766304155317,94558048607,94558048607,bid,88146.4,0,delta
1766304155317,94558048607,94558048607,ask,88199.9,0.005671,delta
1766304155317,94558048607,94558048607,ask,88200.8,0,delta
1766304155337,94558048632,94558048607,bid,88174.2,0.577465,delta
1766304155337,94558048632,94558048632,bid,88169.7,0.004808,delta
1766304155337,94558048632,94558048632,bid,88162.5,0,delta
1766304155337,94558048632,94558048632,bid,88160.9,0.005671,delta
1766304155337,94558048632,94558048632,bid,88152.2,0.001,delta
1766304155337,94558048632,94558048632,bid,88150.6,0.255235,delta
1766304155337,94558048632,94558048632,bid,88147.2,0,delta
1766304155337,94558048632,94558048632,bid,88147.1,0,delta
1766304155357,94558048648,94558048632,bid,88174.2,0.371605,delta
1766304155377,94558048664,94558048648,bid,88173.7,0.002835,delta
1766304155377,94558048664,94558048664,bid,88150.6,0,delta
1766304155377,94558048664,94558048664,bid,88150.1,0.255237,delta
1766304155377,94558048664,94558048664,bid,88148,0,delta
1766304155377,94558048664,94558048664,ask,88174.3,0.417647,delta
1766304155398,94558048680,94558048664,bid,88174.2,0.340405,delta
1766304155398,94558048680,94558048680,bid,88171.4,0.013637,delta
1766304155398,94558048680,94558048680,bid,88166.4,0.102266,delta
1766304155398,94558048680,94558048680,bid,88149.9,0,delta
1766304155398,94558048680,94558048680,bid,88148.6,0,delta
1766304155418,94558048694,94558048680,bid,88171.5,0.01326,delta
1766304155418,94558048694,94558048694,bid,88150.4,0.277921,delta
1766304155418,94558048694,94558048694,bid,88150.1,0,delta
1766304155437,94558048715,94558048694,bid,88173.7,0,delta
1766304155437,94558048715,94558048715,bid,88172.5,0.002835,delta
1766304155437,94558048715,94558048715,bid,88170.2,0,delta
1766304155437,94558048715,94558048715,bid,88169.8,0.005672,delta
1766304155437,94558048715,94558048715,bid,88150.7,0.255235,delta
1766304155437,94558048715,94558048715,bid,88150.4,0.022685,delta
1766304155437,94558048715,94558048715,bid,88150,0,delta
1766304155437,94558048715,94558048715,ask,88198.8,0.005671,delta
1766304155437,94558048715,94558048715,ask,88199.9,0,delta
1766304155457,94558048726,94558048715,bid,88150.7,0,delta
1766304155457,94558048726,94558048726,bid,88150.4,0.27792,delta
1766304155457,94558048726,94558048726,bid,88150,0.125008,delta
1766304155477,94558048730,94558048726,bid,88174.2,0.338405,delta
1766304155517,94558048739,94558048730,bid,88170.2,0.005672,delta
1766304155517,94558048739,94558048739,bid,88169.8,0,delta
1766304155517,94558048739,94558048739,bid,88150.4,0.277921,delta
1766304155537,94558048749,94558048739,bid,88170.2,0,delta
1766304155537,94558048749,94558048749,bid,88169.9,0.005672,delta
1766304155537,94558048749,94558048749,bid,88162.4,0.032633,delta
1766304155537,94558048749,94558048749,ask,88174.3,0.422647,delta
1766304155578,94558048756,94558048749,bid,88150.5,0.787916,delta
1766304155578,94558048756,94558048756,bid,88150,0,delta
1766304155617,94558048772,94558048756,bid,88169.9,0,delta
1766304155617,94558048772,94558048772,bid,88169.8,0.005672,delta
1766304155637,94558048781,94558048772,bid,88150.4,0.022685,delta
1766304155737,94558048808,94558048781,bid,88174.2,0.339541,delta
1766304155737,94558048808,94558048808,bid,88169.7,0,delta
1766304155737,94558048808,94558048808,bid,88164.8,0.004809,delta
1766304155737,94558048808,94558048808,bid,88150.6,0.255235,delta
1766304155737,94558048808,94558048808,bid,88150.2,0,delta
1766304155737,94558048808,94558048808,ask,88202.7,0.056111,delta
1766304155737,94558048808,94558048808,ask,88206.8,0,delta
1766304155757,94558048818,94558048808,bid,88174.2,0.338405,delta
1766304155757,94558048818,94558048818,bid,88169.9,0.005672,delta
1766304155757,94558048818,94558048818,bid,88169.8,0,delta
1766304155777,94558048823,94558048818,bid,88170,0.005672,delta
1766304155777,94558048823,94558048823,bid,88169.9,0,delta
1766304155777,94558048823,94558048823,bid,88150.6,0,delta
1766304155777,94558048823,94558048823,bid,88150.2,0.004917,delta
1766304155799,94558048829,94558048823,bid,88170,0,delta
1766304155799,94558048829,94558048829,bid,88169.1,0.005672,delta
1766304155817,94558048843,94558048829,bid,88150.4,0.277921,delta
1766304155838,94558048848,94558048843,bid,88150.4,0.022685,delta
1766304155897,94558048862,94558048848,bid,88167.5,0,delta
1766304155897,94558048862,94558048862,bid,88150,0.125008,delta
1766304155917,94558048873,94558048862,bid,88162.9,0.002479,delta
1766304155957,94558048880,94558048873,bid,88172.5,0,delta
1766304155957,94558048880,94558048880,bid,88149.9,0.112871,delta
1766304156017,94558048921,94558048880,bid,88171.9,0.002836,delta
1766304156017,94558048921,94558048921,bid,88149.9,0,delta
1766304156017,94558048921,94558048921,ask,88202.8,0,delta
1766304156017,94558048921,94558048921,ask,88206.8,0.011347,delta
1766304156037,94558048937,94558048921,ask,88202.7,0,delta
1766304156037,94558048937,94558048937,ask,88202.8,0.1,delta
1766304156077,94558048950,94558048937,bid,88171.8,0.103,delta
1766304156077,94558048950,94558048950,bid,88169.8,0.003,delta
1766304156077,94558048950,94558048950,bid,88162,0.000141,delta
1766304156077,94558048950,94558048950,bid,88150,0,delta
1766304156077,94558048950,94558048950,ask,88184.2,0,delta
1766304156077,94558048950,94558048950,ask,88187.2,0,delta
1766304156077,94558048950,94558048950,ask,88190.6,0.003,delta
1766304156077,94558048950,94558048950,ask,88194.4,0.003,delta
1766304156097,94558048955,94558048950,bid,88169.9,0.005672,delta
1766304156097,94558048955,94558048955,bid,88169.1,0,delta
1766304156097,94558048955,94558048955,ask,88190.5,0.005672,delta
1766304156097,94558048955,94558048955,ask,88191.8,0,delta
1766304156197,94558048973,94558048955,ask,88176.2,0.010189,delta
1766304156197,94558048973,94558048973,ask,88178.7,0,delta
1766304156277,94558048987,94558048973,bid,88173.7,0.0312,delta
1766304156277,94558048987,94558048987,bid,88150.2,0,delta
1766304156298,94558048993,94558048987,ask,88206.8,0,delta
1766304156298,94558048993,94558048993,ask,88207.1,0.318336,delta
1766304156317,94558049000,94558048993,bid,88174.2,0.369605,delta
1766304156317,94558049000,94558049000,ask,88198.8,0.017019,delta
1766304156338,94558049004,94558049000,ask,88198.7,0.005671,delta
1766304156338,94558049004,94558049004,ask,88198.8,0.011348,delta
1766304156338,94558049004,94558049004,ask,88207.1,0,delta
1766304156577,94558049046,94558049004,bid,88170.2,0.005672,delta
1766304156577,94558049046,94558049046,bid,88169.9,0,delta
1766304156577,94558049046,94558049046,bid,88162.2,0.120371,delta
1766304156577,94558049046,94558049046,bid,88160.9,0,delta
1766304156577,94558049046,94558049046,bid,88150.2,0.004917,delta
1766304156577,94558049046,94558049046,ask,88198.7,0,delta
1766304156577,94558049046,94558049046,ask,88199.9,0.005671,delta
1766304156598,94558049059,94558049046,bid,88171.9,0,delta
1766304156598,94558049059,94558049059,bid,88162.2,0.1147,delta
1766304156598,94558049059,94558049059,bid,88160.9,0.005672,delta
1766304156657,94558049079,94558049059,bid,88172.5,0.002836,delta
1766304156657,94558049079,94558049079,bid,88150.2,0,delta
1766304156657,94558049079,94558049079,ask,88198.8,0.01702,delta
1766304156657,94558049079,94558049079,ask,88199.9,0,delta
1766304156657,94558049079,94558049079,ask,88207.1,0.318336,delta
1766304156717,94558049094,94558049079,ask,88198.7,0.005672,delta
1766304156717,94558049094,94558049094,ask,88198.8,0.011348,delta
1766304156717,94558049094,94558049094,ask,88207.1,0,delta
1766304156898,94558049138,94558049094,bid,88174.2,0.338405,delta
1766304156898,94558049138,94558049138,bid,88173.7,0,delta
1766304156898,94558049138,94558049138,bid,88150.2,0.004917,delta
1766304156898,94558049138,94558049138,ask,88174.3,0.422613,delta
1766304156958,94558049151,94558049138,bid,88170.2,0,delta
1766304156958,94558049151,94558049151,bid,88169.9,0.005672,delta
1766304157038,94558049220,94558049151,bid,88169.9,0,delta
1766304157038,94558049220,94558049220,bid,88169.1,0.005672,delta
1766304157038,94558049220,94558049220,bid,88160.9,0,delta
1766304157038,94558049220,94558049220,bid,88158.4,0.005672,delta
1766304157038,94558049220,94558049220,ask,88197.8,0.005672,delta
1766304157038,94558049220,94558049220,ask,88198.7,0,delta
1766304157078,94558049230,94558049220,bid,88172.5,0,delta
1766304157078,94558049230,94558049230,bid,88170.5,0.002835,delta
1766304157117,94558049254,94558049230,bid,88171.8,0.1,delta
1766304157117,94558049254,94558049254,bid,88169.1,0,delta
1766304157117,94558049254,94558049254,bid,88167.2,0.005684,delta
1766304157117,94558049254,94558049254,bid,88150,0.125008,delta
1766304157117,94558049254,94558049254,ask,88197,0.005671,delta
1766304157117,94558049254,94558049254,ask,88197.8,0,delta
1766304157137,94558049267,94558049254,bid,88169.1,0.005672,delta
1766304157137,94558049267,94558049267,bid,88167.2,0.000012,delta
1766304157137,94558049267,94558049267,bid,88150,0,delta
1766304157137,94558049267,94558049267,ask,88197,0,delta
1766304157137,94558049267,94558049267,ask,88197.8,0.005671,delta
1766304157218,94558049287,94558049267,bid,88174.2,0.339005,delta
1766304157437,94558049331,94558049287,ask,88174.3,0.423213,delta
1766304157497,94558049341,94558049331,bid,88174.2,0.341005,delta
1766304157497,94558049341,94558049341,ask,88197.8,0,delta
1766304157497,94558049341,94558049341,ask,88197.9,0.006,delta
1766304157497,94558049341,94558049341,ask,88207.1,0.318336,delta
1766304157877,94558049408,94558049341,ask,88174.3,0.409613,delta
1766304157898,94558049415,94558049408,bid,88163,0.075,delta
1766304157898,94558049415,94558049415,bid,88150.2,0,delta
1766304157898,94558049415,94558049415,ask,88174.3,0.397603,delta
1766304157917,94558049421,94558049415,bid,88166.5,0.136401,delta
1766304157917,94558049421,94558049421,bid,88166.3,0,delta
1766304157917,94558049421,94558049421,ask,88197.9,0.000329,delta
1766304157917,94558049421,94558049421,ask,88198.7,0.005671,delta
1766304157917,94558049421,94558049421,ask,88207.1,0,delta
1766304157957,94558049432,94558049421,ask,88174.3,0.411913,delta
1766304157957,94558049432,94558049432,ask,88197.9,0.006,delta
1766304157957,94558049432,94558049432,ask,88198.7,0,delta
1766304157957,94558049432,94558049432,ask,88207.1,0.318336,delta
1766304157977,94558049434,94558049432,bid,88163,0,delta
1766304157977,94558049434,94558049434,bid,88150.2,0.004917,delta
1766304157998,94558049440,94558049434,ask,88174.3,0.417123,delta
1766304158017,94558049470,94558049440,ask,88202.8,0,delta
1766304158017,94558049470,94558049470,ask,88207.2,0.102266,delta
1766304158037,94558049481,94558049470,ask,88202.8,0.1,delta
1766304158037,94558049481,94558049481,ask,88207.2,0,delta
1766304158057,94558049486,94558049481,bid,88174.2,0.339005,delta
1766304158057,94558049486,94558049486,ask,88197.8,0.005671,delta
1766304158057,94558049486,94558049486,ask,88197.9,0.000329,delta
1766304158057,94558049486,94558049486,ask,88207.1,0,delta
1766304158077,94558049490,94558049486,ask,88174.3,0.423037,delta
1766304158137,94558049500,94558049490,bid,88150.5,0,delta
1766304158137,94558049500,94558049500,bid,88150,0.125008,delta
1766304158158,94558049505,94558049500,bid,88152.3,0,delta
1766304158158,94558049505,94558049505,bid,88149.9,0.112871,delta
1766304158158,94558049505,94558049505,ask,88197.8,0,delta
1766304158158,94558049505,94558049505,ask,88197.9,0.006,delta
1766304158158,94558049505,94558049505,ask,88207.1,0.318336,delta
1766304158197,94558049513,94558049505,bid,88158.5,0.005671,delta
1766304158197,94558049513,94558049513,bid,88158.4,0,delta
1766304158197,94558049513,94558049513,ask,88197.9,0.000329,delta
1766304158197,94558049513,94558049513,ask,88198.7,0.005671,delta
1766304158197,94558049513,94558049513,ask,88207.1,0,delta
1766304158217,94558049522,94558049513,bid,88174.2,0.439005,delta
1766304158217,94558049522,94558049522,bid,88171.8,0,delta
1766304158217,94558049522,94558049522,bid,88160.9,0.005671,delta
1766304158217,94558049522,94558049522,bid,88158.5,0,delta
1766304158217,94558049522,94558049522,bid,88148.6,0.0004,delta
1766304158237,94558049537,94558049522,bid,88173.6,0.044123,delta
1766304158237,94558049537,94558049537,bid,88169.9,0.005672,delta
1766304158237,94558049537,94558049537,bid,88169.1,0,delta
1766304158298,94558049550,94558049537,bid,88169.9,0,delta
1766304158298,94558049550,94558049550,bid,88169.1,0.005672,delta
1766304158317,94558049555,94558049550,ask,88206.3,0.799657,delta
1766304158317,94558049555,94558049555,ask,88206.7,0,delta
1766304158357,94558049564,94558049555,bid,88174.2,0.441005,delta
1766304158377,94558049568,94558049564,bid,88169.9,0.005672,delta
1766304158377,94558049568,94558049568,bid,88169.1,0,delta
1766304158457,94558049585,94558049568,bid,88169.9,0,delta
1766304158457,94558049585,94558049585,bid,88169.1,0.005672,delta
1766304158518,94558049596,94558049585,ask,88174.3,0.421762,delta
1766304158598,94558049622,94558049596,ask,88174.3,0.402242,delta
1766304158617,94558049628,94558049622,bid,88169.9,0.005672,delta
1766304158617,94558049628,94558049628,bid,88169.1,0,delta
1766304158617,94558049628,94558049628,bid,88167,0.078,delta
1766304158617,94558049628,94558049628,ask,88192,0,delta
1766304158617,94558049628,94558049628,ask,88206.7,0.011341,delta
1766304158638,94558049633,94558049628,ask,88200,0.077728,delta
1766304158777,94558049654,94558049633,bid,88174.2,0.442141,delta
1766304158798,94558049667,94558049654,bid,88174.2,0.441005,delta
1766304158798,94558049667,94558049667,ask,88174.3,0.372242,delta
1766304158857,94558049682,94558049667,bid,88169.9,0,delta
1766304158857,94558049682,94558049682,bid,88169.1,0.005672,delta
1766304158878,94558049689,94558049682,bid,88168.8,0,delta
1766304158878,94558049689,94558049689,bid,88167.9,0.009081,delta
1766304158897,94558049693,94558049689,bid,88170.2,0.005672,delta
1766304158897,94558049693,94558049693,bid,88169.1,0,delta
1766304158977,94558049705,94558049693,bid,88170.5,0,delta
1766304158977,94558049705,94558049705,bid,88147.9,0.255243,delta
1766304158998,94558049711,94558049705,bid,88167,0.003,delta
1766304159017,94558049739,94558049711,ask,88202.8,0,delta
1766304159017,94558049739,94558049739,ask,88207.1,0.105408,delta
1766304159038,94558049752,94558049739,bid,88171.8,0.002836,delta
1766304159038,94558049752,94558049752,bid,88147.9,0,delta
1766304159038,94558049752,94558049752,ask,88202.8,0.1,delta
1766304159038,94558049752,94558049752,ask,88207.1,0,delta
1766304159078,94558049765,94558049752,bid,88173.5,0.057489,delta
1766304159078,94558049765,94558049765,bid,88167,0,delta
1766304159078,94558049765,94558049765,bid,88164.8,0.007809,delta
1766304159078,94558049765,94558049765,bid,88147.4,0.255243,delta
1766304159178,94558049784,94558049765,bid,88174.2,0.439005,delta
1766304159258,94558049801,94558049784,bid,88174.2,0.441005,delta
1766304159258,94558049801,94558049801,ask,88183.6,0.013637,delta
1766304159258,94558049801,94558049801,ask,88187,0,delta
1766304159298,94558049808,94558049801,ask,88176.2,0,delta
1766304159298,94558049808,94558049808,ask,88179.3,0.010933,delta
1766304159357,94558049825,94558049808,ask,88174.3,0.397852,delta
1766304159477,94558049845,94558049825,bid,88174.2,0.439005,delta
1766304159557,94558049857,94558049845,bid,88174.2,0.438101,delta
1766304159657,94558049877,94558049857,bid,88174.2,0.440101,delta
1766304159717,94558049887,94558049877,bid,88173.7,0.0312,delta
1766304159717,94558049887,94558049887,bid,88147.4,0,delta
1766304159817,94558049912,94558049887,bid,88150.5,0.109772,delta
1766304159817,94558049912,94558049912,bid,88148.6,0,delta
1766304159817,94558049912,94558049912,ask,88174.3,0.372242,delta
1766304160137,94558049999,94558049912,ask,88198.7,0,delta
1766304160137,94558049999,94558049999,ask,88199.9,0.005671,delta
1766304160157,94558050007,94558049999,bid,88170.2,0,delta
1766304160157,94558050007,94558050007,bid,88169.9,0.005672,delta
1766304160157,94558050007,94558050007,ask,88198.6,0.005671,delta
1766304160157,94558050007,94558050007,ask,88199.9,0,delta
1766304160177,94558050010,94558050007,bid,88170.2,0.005672,delta
1766304160177,94558050010,94558050010,bid,88169.9,0,delta
1766304160217,94558050019,94558050010,ask,88198.6,0,delta
1766304160217,94558050019,94558050019,ask,88198.7,0.005671,delta
1766304160237,94558050024,94558050019,bid,88174.2,0.440701,delta
1766304160397,94558050059,94558050024,bid,88174.2,0.438701,delta
1766304160417,94558050074,94558050059,bid,88162.2,0.120371,delta
1766304160417,94558050074,94558050074,bid,88160.9,0,delta
1766304160417,94558050074,94558050074,bid,88148.6,0.0004,delta
1766304160417,94558050074,94558050074,ask,88198.7,0,delta
1766304160417,94558050074,94558050074,ask,88199.9,0.005671,delta
1766304160438,94558050083,94558050074,bid,88162.2,0.1147,delta
1766304160438,94558050083,94558050083,bid,88162.1,0.035671,delta
1766304160457,94558050092,94558050083,ask,88179.3,0,delta
1766304160457,94558050092,94558050092,ask,88182,0.012001,delta
1766304160457,94558050092,94558050092,ask,88190.5,0,delta
1766304160457,94558050092,94558050092,ask,88191.8,0.005672,delta
1766304160478,94558050110,94558050092,bid,88174.2,0.440701,delta
1766304160478,94558050110,94558050110,ask,88174.3,0.396642,delta
1766304160497,94558050122,94558050110,ask,88174.3,0.398452,delta
1766304160497,94558050122,94558050122,ask,88190.5,0.005672,delta
1766304160497,94558050122,94558050122,ask,88191.8,0,delta
1766304160518,94558050131,94558050122,bid,88162.2,0.120371,delta
1766304160518,94558050131,94558050131,bid,88162.1,0.03,delta
1766304160537,94558050140,94558050131,bid,88162.2,0.1147,delta
1766304160537,94558050140,94558050140,bid,88160.9,0.005671,delta
1766304160537,94558050140,94558050140,bid,88148.6,0,delta
1766304160577,94558050160,94558050140,bid,88170.2,0,delta
1766304160577,94558050160,94558050160,bid,88169.9,0.005672,delta
1766304160577,94558050160,94558050160,ask,88179.2,0.012001,delta
1766304160577,94558050160,94558050160,ask,88182,0,delta
1766304160577,94558050160,94558050160,ask,88198.7,0.005671,delta
1766304160577,94558050160,94558050160,ask,88199.9,0,delta
1766304160617,94558050170,94558050160,bid,88170.2,0.005671,delta
1766304160617,94558050170,94558050170,bid,88169.9,0,delta
1766304160638,94558050179,94558050170,bid,88150,0.380246,delta
1766304160638,94558050179,94558050179,ask,88174.3,0.393452,delta
1766304160658,94558050190,94558050179,bid,88151,0.075,delta
1766304160658,94558050190,94558050190,bid,88150.4,0.277922,delta
1766304160658,94558050190,94558050190,bid,88150,0.125008,delta
1766304160658,94558050190,94558050190,bid,88149.9,0,delta
1766304160658,94558050190,94558050190,ask,88174.3,0.391642,delta
1766304160658,94558050190,94558050190,ask,88198.7,0,delta
1766304160658,94558050190,94558050190,ask,88199.9,0.005671,delta
1766304160717,94558050204,94558050190,bid,88150.6,0.255236,delta
1766304160717,94558050204,94558050204,bid,88150.4,0.022685,delta
1766304160717,94558050204,94558050204,bid,88150,0,delta
1766304160717,94558050204,94558050204,ask,88198.8,0.017019,delta
1766304160717,94558050204,94558050204,ask,88199.9,0,delta
1766304160717,94558050204,94558050204,ask,88207.1,0.105408,delta
1766304160738,94558050208,94558050204,ask,88198.8,0.011348,delta
1766304160738,94558050208,94558050208,ask,88199.9,0.005671,delta
1766304160738,94558050208,94558050208,ask,88207.1,0,delta
1766304160757,94558050213,94558050208,bid,88151.1,0.255235,delta
1766304160757,94558050213,94558050213,bid,88150.6,0,delta
1766304160837,94558050241,94558050213,ask,88179.2,0,delta
1766304160837,94558050241,94558050241,ask,88181.6,0.012001,delta
1766304160837,94558050241,94558050241,ask,88206.2,0.242083,delta
1766304160837,94558050241,94558050241,ask,88206.7,0,delta
1766304160917,94558050255,94558050241,bid,88151.1,0,delta
1766304160917,94558050255,94558050255,bid,88150.6,0.255236,delta
1766304160957,94558050264,94558050255,bid,88151.1,0.255234,delta
1766304160957,94558050264,94558050264,bid,88150.6,0,delta
1766304160977,94558050267,94558050264,bid,88151.1,0,delta
1766304160977,94558050267,94558050267,bid,88151,0,delta
1766304160977,94558050267,94558050267,bid,88150.6,0.255235,delta
1766304160977,94558050267,94558050267,bid,88150,0.125008,delta
1766304160998,94558050272,94558050267,bid,88151.1,0.255233,delta
1766304160998,94558050272,94558050272,bid,88150.6,0,delta
1766304161058,94558050319,94558050272,bid,88151.1,0,delta
1766304161058,94558050319,94558050319,bid,88150.6,0.255233,delta
1766304161117,94558050331,94558050319,bid,88151.2,0.25701,delta
1766304161117,94558050331,94558050331,bid,88150.6,0,delta
1766304161117,94558050331,94558050331,bid,88149.9,0.112871,delta
1766304161138,94558050335,94558050331,bid,88151.2,0.001777,delta
1766304161138,94558050335,94558050335,bid,88150.6,0.255233,delta
1766304161138,94558050335,94558050335,bid,88149.9,0,delta
1766304161257,94558050359,94558050335,bid,88174.2,0.471901,delta
1766304161257,94558050359,94558050359,bid,88174.1,0.0312,delta
1766304161257,94558050359,94558050359,bid,88150,0,delta
1766304161477,94558050389,94558050359,bid,88162.2,0.120371,delta
1766304161477,94558050389,94558050389,bid,88160.9,0,delta
1766304161477,94558050389,94558050389,bid,88150,0.125008,delta
1766304161498,94558050393,94558050389,bid,88167,0.075,delta
1766304161498,94558050393,94558050393,bid,88150,0,delta
1766304161517,94558050397,94558050393,bid,88162.2,0.1147,delta
1766304161517,94558050397,94558050397,bid,88162.1,0.035671,delta
1766304161557,94558050406,94558050397,bid,88174.2,0.476911,delta
1766304161557,94558050406,94558050406,bid,88164.8,0.003,delta
1766304161577,94558050412,94558050406,bid,88162.1,0.03,delta
1766304161577,94558050412,94558050412,bid,88160.9,0.005671,delta
1766304161577,94558050412,94558050412,bid,88150.2,0,delta
1766304161698,94558050446,94558050412,bid,88171.8,0,delta
1766304161698,94558050446,94558050446,bid,88150.2,0.004917,delta
1766304161698,94558050446,94558050446,ask,88199.8,0.005671,delta
1766304161698,94558050446,94558050446,ask,88199.9,0,delta
1766304161717,94558050454,94558050446,bid,88152.1,0.255231,delta
1766304161717,94558050454,94558050454,bid,88150.6,0,delta
1766304161717,94558050454,94558050454,ask,88199.8,0,delta
1766304161717,94558050454,94558050454,ask,88199.9,0.005671,delta
1766304161777,94558050468,94558050454,bid,88173,0.002835,delta
1766304161777,94558050468,94558050468,bid,88150.2,0,delta
1766304161837,94558050491,94558050468,ask,88174.3,0.371242,delta
1766304161877,94558050498,94558050491,bid,88162.1,0.035671,delta
1766304161877,94558050498,94558050498,bid,88160.9,0,delta
1766304161877,94558050498,94558050498,bid,88150.2,0.004917,delta
1766304161918,94558050508,94558050498,ask,88174.3,0.377242,delta
1766304162038,94558050559,94558050508,bid,88162.2,0.120371,delta
1766304162038,94558050559,94558050559,bid,88162.1,0.03,delta
1766304162057,94558050565,94558050559,bid,88167.5,0.000079,delta
1766304162057,94558050565,94558050565,bid,88162.9,0.0024,delta
1766304162057,94558050565,94558050565,bid,88150.2,0,delta
1766304162057,94558050565,94558050565,ask,88190.5,0,delta
1766304162057,94558050565,94558050565,ask,88191.8,0.005671,delta
1766304162117,94558050588,94558050565,bid,88174.2,0.471901,delta
1766304162117,94558050588,94558050588,bid,88165,0.004873,delta
1766304162117,94558050588,94558050588,bid,88162.3,0.005671,delta
1766304162117,94558050588,94558050588,bid,88162.2,0.1147,delta
1766304162117,94558050588,94558050588,bid,88152.1,0,delta
1766304162117,94558050588,94558050588,bid,88150.6,0.255232,delta
1766304162117,94558050588,94558050588,bid,88150.4,0,delta
1766304162117,94558050588,94558050588,bid,88150.3,0,delta
1766304162117,94558050588,94558050588,ask,88174.3,0.376122,delta
1766304162117,94558050588,94558050588,ask,88190.5,0.005671,delta
1766304162117,94558050588,94558050588,ask,88191.8,0,delta
1766304162137,94558050603,94558050588,bid,88152.1,0.255232,delta
1766304162137,94558050603,94558050603,bid,88150.6,0,delta
1766304162137,94558050603,94558050603,ask,88174.3,0.365602,delta
1766304162137,94558050603,94558050603,ask,88190.5,0,delta
1766304162137,94558050603,94558050603,ask,88191.8,0.005671,delta
1766304162197,94558050617,94558050603,ask,88191.7,0.005671,delta
1766304162197,94558050617,94558050617,ask,88191.8,0,delta
1766304162218,94558050627,94558050617,bid,88162.3,0,delta
1766304162218,94558050627,94558050627,bid,88162.2,0.120371,delta
1766304162218,94558050627,94558050627,bid,88150.4,0.022685,delta
1766304162218,94558050627,94558050627,ask,88190.5,0.005671,delta
1766304162218,94558050627,94558050627,ask,88191.7,0,delta
1766304162317,94558050646,94558050627,bid,88174.2,0.440701,delta
1766304162317,94558050646,94558050646,bid,88162.2,0.1147,delta
1766304162317,94558050646,94558050646,bid,88162.1,0.035671,delta
1766304162338,94558050651,94558050646,bid,88167,0,delta
1766304162338,94558050651,94558050651,bid,88152.1,0,delta
1766304162338,94558050651,94558050651,bid,88150.6,0.255232,delta
1766304162338,94558050651,94558050651,bid,88150.3,0.102266,delta
1766304162398,94558050661,94558050651,bid,88174.2,0.446152,delta
1766304162398,94558050661,94558050661,bid,88165,0,delta
1766304162398,94558050661,94558050661,bid,88150.2,0.004917,delta
1766304162417,94558050674,94558050661,bid,88162.2,0.120371,delta
1766304162417,94558050674,94558050674,bid,88162.1,0.03,delta
1766304162417,94558050674,94558050674,ask,88174.3,0.370082,delta
1766304162497,94558050691,94558050674,ask,88174.3,0.365602,delta
1766304162517,94558050695,94558050691,bid,88167,0.075,delta
1766304162517,94558050695,94558050695,bid,88150.2,0,delta
1766304162557,94558050704,94558050695,bid,88162.3,0.005671,delta
1766304162557,94558050704,94558050704,bid,88162.2,0.1147,delta
1766304162557,94558050704,94558050704,bid,88150.3,0,delta
1766304162557,94558050704,94558050704,ask,88190.5,0,delta
1766304162557,94558050704,94558050704,ask,88191.8,0.005671,delta
1766304162577,94558050715,94558050704,ask,88174.3,0.370082,delta
1766304162617,94558050723,94558050715,bid,88167,0,delta
1766304162617,94558050723,94558050723,bid,88150.3,0.102266,delta
1766304162637,94558050731,94558050723,bid,88162.3,0,delta
1766304162637,94558050731,94558050731,bid,88162.1,0.035671,delta
1766304162637,94558050731,94558050731,bid,88150.2,0.004917,delta
1766304162637,94558050731,94558050731,ask,88190.5,0.005671,delta
1766304162637,94558050731,94558050731,ask,88191.8,0,delta
1766304162657,94558050743,94558050731,ask,88174.3,0.365602,delta
1766304162657,94558050743,94558050743,ask,88190.5,0,delta
1766304162657,94558050743,94558050743,ask,88191.8,0.005671,delta
1766304162677,94558050750,94558050743,bid,88167,0.075,delta
1766304162677,94558050750,94558050750,bid,88150.2,0,delta
1766304162698,94558050753,94558050750,ask,88190.5,0.005671,delta
1766304162698,94558050753,94558050753,ask,88191.8,0,delta
1766304162717,94558050759,94558050753,bid,88162.2,0.120371,delta
1766304162717,94558050759,94558050759,bid,88162.1,0.03,delta
1766304162757,94558050773,94558050759,bid,88174.2,0.440701,delta
1766304162757,94558050773,94558050773,bid,88167,0,delta
1766304162757,94558050773,94558050773,bid,88164.8,0.007849,delta
1766304162757,94558050773,94558050773,bid,88150.2,0.004917,delta
1766304162757,94558050773,94558050773,ask,88174.3,0.389402,delta
1766304162778,94558050776,94558050773,bid,88152.1,0.255232,delta
1766304162778,94558050776,94558050776,bid,88150.6,0,delta
1766304162837,94558050790,94558050776,bid,88152.2,0.207229,delta
1766304162837,94558050790,94558050790,bid,88150.5,0,delta
1766304162837,94558050790,94558050790,bid,88150,0.125008,delta
1766304162857,94558050798,94558050790,bid,88162.2,0.1147,delta
1766304162857,94558050798,94558050798,bid,88162.1,0.035671,delta
1766304162857,94558050798,94558050798,bid,88152.1,0,delta
1766304162857,94558050798,94558050798,bid,88150.7,0.255232,delta
1766304162857,94558050798,94558050798,ask,88174.3,0.409802,delta
1766304162877,94558050804,94558050798,bid,88152.1,0.255232,delta
1766304162877,94558050804,94558050804,bid,88150.7,0,delta
1766304162958,94558050818,94558050804,bid,88174.2,0.469501,delta
1766304162958,94558050818,94558050818,bid,88162.2,0.120371,delta
1766304162958,94558050818,94558050818,bid,88162.1,0.03,delta
1766304162998,94558050825,94558050818,bid,88174.2,0.474371,delta
1766304162998,94558050825,94558050825,bid,88164.8,0.003,delta
1766304163017,94558050876,94558050825,bid,88171.8,0.005671,delta
1766304163017,94558050876,94558050876,bid,88170.2,0,delta
1766304163017,94558050876,94558050876,bid,88163,0.005671,delta
1766304163017,94558050876,94558050876,bid,88162.2,0.1147,delta
1766304163017,94558050876,94558050876,bid,88150,0,delta
1766304163017,94558050876,94558050876,ask,88190.5,0,delta
1766304163017,94558050876,94558050876,ask,88191.8,0.005671,delta
1766304163017,94558050876,94558050876,ask,88199.9,0,delta
1766304163017,94558050876,94558050876,ask,88200.8,0.005671,delta
1766304163037,94558050889,94558050876,bid,88171.8,0,delta
1766304163037,94558050889,94558050889,bid,88170.3,0.005671,delta
1766304163037,94558050889,94558050889,bid,88163,0,delta
1766304163037,94558050889,94558050889,bid,88160.9,0.005671,delta
1766304163037,94558050889,94558050889,ask,88190.4,0.005671,delta
1766304163037,94558050889,94558050889,ask,88191.8,0,delta
1766304163037,94558050889,94558050889,ask,88199.9,0.005671,delta
1766304163037,94558050889,94558050889,ask,88200.8,0,delta
1766304163117,94558050911,94558050889,bid,88170.3,0,delta
1766304163117,94558050911,94558050911,bid,88170.2,0.005671,delta
1766304163117,94558050911,94558050911,bid,88162.1,0.035671,delta
1766304163117,94558050911,94558050911,bid,88160.9,0,delta
1766304163117,94558050911,94558050911,bid,88150,0.125008,delta
1766304163117,94558050911,94558050911,ask,88190.4,0,delta
1766304163117,94558050911,94558050911,ask,88190.5,0.005671,delta
1766304163117,94558050911,94558050911,ask,88198.8,0,delta
1766304163117,94558050911,94558050911,ask,88203.7,0.011347,delta
1766304163238,94558050934,94558050911,bid,88174.2,0.505571,delta
1766304163257,94558050938,94558050934,bid,88174.2,0.506171,delta
1766304163257,94558050938,94558050938,bid,88162.2,0.120371,delta
1766304163257,94558050938,94558050938,bid,88162.1,0.03,delta
1766304163498,94558050989,94558050938,ask,88174.3,0.404402,delta
1766304163498,94558050989,94558050989,ask,88194.3,0.0001,delta
1766304163517,94558050993,94558050989,ask,88174.3,0.405002,delta
1766304163678,94558051025,94558050993,bid,88162.2,0.1147,delta
1766304163678,94558051025,94558051025,bid,88160.9,0.005671,delta
1766304163678,94558051025,94558051025,bid,88150,0,delta
1766304163697,94558051031,94558051025,bid,88162.2,0.120371,delta
1766304163697,94558051031,94558051031,bid,88160.9,0,delta
1766304163697,94558051031,94558051031,bid,88152.1,0,delta
1766304163697,94558051031,94558051031,bid,88150.4,0.277917,delta
1766304163697,94558051031,94558051031,bid,88150,0.125008,delta
1766304163697,94558051031,94558051031,bid,88149.9,0.112871,delta
1766304163737,94558051043,94558051031,bid,88162.2,0.1147,delta
1766304163737,94558051043,94558051043,bid,88160.9,0.005671,delta
1766304163737,94558051043,94558051043,bid,88152.1,0.255232,delta
1766304163737,94558051043,94558051043,bid,88150.4,0.022685,delta
1766304163737,94558051043,94558051043,bid,88150,0,delta
1766304163737,94558051043,94558051043,bid,88149.9,0,delta
1766304163757,94558051050,94558051043,bid,88162.2,0.120371,delta
1766304163757,94558051050,94558051050,bid,88160.9,0,delta
1766304163757,94558051050,94558051050,bid,88150,0.125008,delta
1766304163777,94558051055,94558051050,bid,88162.2,0.1147,delta
1766304163777,94558051055,94558051055,bid,88160.9,0.005671,delta
1766304163777,94558051055,94558051055,bid,88150,0,delta
1766304163798,94558051059,94558051055,bid,88152.1,0,delta
1766304163798,94558051059,94558051059,bid,88150.4,0.277918,delta
1766304163798,94558051059,94558051059,bid,88150,0.125008,delta
1766304163858,94558051073,94558051059,bid,88162.1,0.035671,delta
1766304163858,94558051073,94558051073,bid,88160.9,0,delta
1766304163858,94558051073,94558051073,bid,88149.9,0.112871,delta
1766304163877,94558051090,94558051073,bid,88170.2,0,delta
1766304163877,94558051090,94558051090,bid,88169.1,0.005671,delta
1766304163877,94558051090,94558051090,bid,88162.1,0.03,delta
1766304163877,94558051090,94558051090,bid,88161,0.005671,delta
1766304163877,94558051090,94558051090,bid,88149.9,0,delta
1766304163877,94558051090,94558051090,ask,88198.8,0.005671,delta
1766304163877,94558051090,94558051090,ask,88199.9,0,delta
1766304163897,94558051096,94558051090,bid,88170.2,0.005671,delta
1766304163897,94558051096,94558051096,bid,88169.1,0,delta
1766304163897,94558051096,94558051096,ask,88198.8,0,delta
1766304163897,94558051096,94558051096,ask,88199.9,0.005671,delta
1766304163918,94558051108,94558051096,bid,88173.5,0.054489,delta
1766304163918,94558051108,94558051108,bid,88173,0,delta
1766304163918,94558051108,94558051108,bid,88170.2,0,delta
1766304163918,94558051108,94558051108,bid,88169.9,0.005671,delta
1766304163918,94558051108,94558051108,bid,88161,0,delta
1766304163918,94558051108,94558051108,bid,88160.9,0.005671,delta
1766304163918,94558051108,94558051108,bid,88149.9,0.112871,delta
1766304163918,94558051108,94558051108,ask,88198.8,0.005671,delta
1766304163918,94558051108,94558051108,ask,88199.9,0,delta
1766304163937,94558051115,94558051108,bid,88169.9,0,delta
1766304163937,94558051115,94558051115,bid,88148.6,0.0004,delta
1766304163958,94558051118,94558051115,bid,88170,0.005671,delta
1766304163958,94558051118,94558051118,bid,88148.6,0,delta
1766304163997,94558051123,94558051118,bid,88172.5,0.002835,delta
1766304163997,94558051123,94558051123,bid,88149.9,0,delta
1766304164017,94558051163,94558051123,bid,88170.2,0.005671,delta
1766304164017,94558051163,94558051163,bid,88170,0,delta
1766304164177,94558051187,94558051163,ask,88206.3,0,delta
1766304164177,94558051187,94558051187,ask,88206.7,0.011341,delta
1766304164198,94558051191,94558051187,ask,88206.2,0,delta
1766304164198,94558051191,94558051191,ask,88207.1,0.105408,delta
1766304164257,94558051206,94558051191,bid,88174.2,0.505399,delta
1766304164257,94558051206,94558051206,ask,88198.8,0,delta
1766304164257,94558051206,94558051206,ask,88199.9,0.005671,delta
1766304164297,94558051211,94558051206,bid,88174.2,0.474199,delta
1766304164317,94558051215,94558051211,ask,88198.8,0.005671,delta
1766304164317,94558051215,94558051215,ask,88199.9,0,delta
1766304164338,94558051221,94558051215,ask,88174.3,0.406812,delta
1766304164377,94558051227,94558051221,ask,88198.8,0,delta
1766304164377,94558051227,94558051227,ask,88199.9,0.005671,delta
1766304164477,94558051243,94558051227,ask,88206.3,0.762493,delta
1766304164477,94558051243,94558051243,ask,88207.1,0,delta
1766304164597,94558051267,94558051243,ask,88199.8,0.005671,delta
1766304164597,94558051267,94558051267,ask,88199.9,0,delta
1766304164618,94558051272,94558051267,ask,88199.8,0,delta
1766304164618,94558051272,94558051272,ask,88199.9,0.005671,delta
1766304164657,94558051283,94558051272,ask,88181.6,0,delta
1766304164657,94558051283,94558051283,ask,88207.1,0.105408,delta
1766304164678,94558051290,94558051283,ask,88179.1,0.018004,delta
1766304164678,94558051290,94558051290,ask,88198.8,0.005671,delta
1766304164678,94558051290,94558051290,ask,88199.9,0,delta
1766304164777,94558051304,94558051290,bid,88174.2,0.474233,delta
1766304164817,94558051319,94558051304,ask,88198.8,0,delta
1766304164817,94558051319,94558051319,ask,88199.9,0.005671,delta
1766304164857,94558051340,94558051319,bid,88174.2,0.445433,delta
1766304164857,94558051340,94558051340,bid,88174.1,0,delta
1766304164857,94558051340,94558051340,bid,88173.7,0,delta
1766304164857,94558051340,94558051340,bid,88170.2,0,delta
1766304164857,94558051340,94558051340,bid,88169.9,0.005671,delta
1766304164857,94558051340,94558051340,bid,88167.5,0,delta
1766304164857,94558051340,94558051340,bid,88162.3,0.000079,delta
1766304164857,94558051340,94558051340,bid,88149.9,0.112871,delta
1766304164857,94558051340,94558051340,bid,88148.9,0.791748,delta
1766304164857,94558051340,94558051340,ask,88198.8,0.005671,delta
1766304164857,94558051340,94558051340,ask,88199.9,0,delta
1766304164877,94558051352,94558051340,bid,88169.9,0,delta
1766304164877,94558051352,94558051352,bid,88169.1,0.005671,delta
1766304164877,94558051352,94558051352,bid,88160.9,0,delta
1766304164877,94558051352,94558051352,bid,88158.4,0.005671,delta
1766304164877,94558051352,94558051352,ask,88197.8,0.005671,delta
1766304164877,94558051352,94558051352,ask,88198.8,0,delta
1766304164897,94558051369,94558051352,bid,88169.9,0.005671,delta
1766304164897,94558051369,94558051369,bid,88169.1,0,delta
1766304164897,94558051369,94558051369,bid,88160.9,0.005671,delta
1766304164897,94558051369,94558051369,bid,88158.4,0,delta
1766304164897,94558051369,94558051369,bid,88150.4,0.022685,delta
1766304164897,94558051369,94558051369,ask,88197.8,0,delta
1766304164897,94558051369,94558051369,ask,88198.8,0.005671,delta
1766304164897,94558051369,94558051369,ask,88206.2,0.230989,delta
1766304164897,94558051369,94558051369,ask,88207.1,0,delta
1766304164917,94558051381,94558051369,bid,88174.2,0.440563,delta
1766304164917,94558051381,94558051381,bid,88169.9,0,delta
1766304164917,94558051381,94558051381,bid,88169.1,0.005671,delta
1766304164917,94558051381,94558051381,bid,88161.4,0.004827,delta
1766304164917,94558051381,94558051381,bid,88152.2,0.001,delta
1766304164917,94558051381,94558051381,bid,88148.9,0,delta
1766304164937,94558051388,94558051381,bid,88150.4,0.277922,delta
1766304164957,94558051392,94558051388,bid,88150.4,0.022685,delta
1766304164957,94558051392,94558051392,bid,88150.1,0.255237,delta
1766304164957,94558051392,94558051392,bid,88149.9,0,delta
1766304165037,94558051443,94558051392,bid,88174.2,0.438563,delta
1766304165077,94558051455,94558051443,bid,88173.5,0.057489,delta
1766304165077,94558051455,94558051455,bid,88162.4,0.009825,delta
1766304165158,94558051473,94558051455,bid,88174.2,0.440563,delta
1766304165158,94558051473,94558051473,ask,88179.1,0.00569,delta
1766304165177,94558051485,94558051473,bid,88174.2,0.445559,delta
1766304165177,94558051485,94558051485,bid,88170.2,0.005671,delta
1766304165177,94558051485,94558051485,bid,88169.1,0,delta
1766304165177,94558051485,94558051485,bid,88161.4,0,delta
1766304165177,94558051485,94558051485,bid,88150.4,0.277918,delta
1766304165177,94558051485,94558051485,bid,88150.1,0,delta
1766304165177,94558051485,94558051485,bid,88149.9,0.112871,delta
1766304165177,94558051485,94558051485,bid,88148.9,0.791748,delta
1766304165177,94558051485,94558051485,ask,88182,0.012314,delta
1766304165177,94558051485,94558051485,ask,88206.7,0,delta
1766304165198,94558051491,94558051485,bid,88173.7,0.0312,delta
1766304165198,94558051491,94558051491,bid,88148.9,0,delta
1766304165198,94558051491,94558051491,ask,88174.3,0.405002,delta
1766304165217,94558051498,94558051491,bid,88174.2,0.476759,delta
1766304165217,94558051498,94558051498,bid,88152.1,0.255232,delta
1766304165217,94558051498,94558051498,bid,88150.4,0.022685,delta
1766304165217,94558051498,94558051498,bid,88149.9,0,delta
1766304165237,94558051506,94558051498,ask,88179.3,0.012314,delta
1766304165237,94558051506,94558051506,ask,88182,0,delta
1766304165257,94558051511,94558051506,bid,88152.1,0,delta
1766304165257,94558051511,94558051511,bid,88150.4,0.277917,delta
1766304165257,94558051511,94558051511,bid,88149.9,0.112871,delta
1766304165257,94558051511,94558051511,ask,88198.8,0,delta
1766304165257,94558051511,94558051511,ask,88199.9,0.005671,delta
1766304165277,94558051528,94558051511,bid,88174.2,0.471763,delta
1766304165277,94558051528,94558051528,bid,88172.5,0,delta
1766304165277,94558051528,94558051528,bid,88171.6,0.002835,delta
1766304165277,94558051528,94558051528,bid,88171.4,0,delta
1766304165277,94558051528,94558051528,bid,88170.3,0.013637,delta
1766304165277,94558051528,94558051528,bid,88162.2,0.120371,delta
1766304165277,94558051528,94558051528,bid,88161.3,0.004867,delta
1766304165277,94558051528,94558051528,bid,88160.9,0,delta
1766304165277,94558051528,94558051528,ask,88190.5,0,delta
1766304165277,94558051528,94558051528,ask,88199.8,0.005671,delta
1766304165277,94558051528,94558051528,ask,88199.9,0,delta
1766304165277,94558051528,94558051528,ask,88206.7,0.011341,delta
1766304165297,94558051537,94558051528,bid,88170.2,0,delta
1766304165297,94558051537,94558051537,bid,88169.9,0.005671,delta
1766304165297,94558051537,94558051537,bid,88162.2,0.1147,delta
1766304165297,94558051537,94558051537,bid,88161.4,0.005671,delta
1766304165297,94558051537,94558051537,bid,88149.9,0,delta
1766304165297,94558051537,94558051537,ask,88190.5,0.005671,delta
1766304165297,94558051537,94558051537,ask,88206.7,0,delta
1766304165317,94558051544,94558051537,bid,88161.4,0,delta
1766304165317,94558051544,94558051544,bid,88160.9,0.005671,delta
1766304165317,94558051544,94558051544,ask,88198.8,0.005671,delta
1766304165317,94558051544,94558051544,ask,88199.8,0,delta
1766304165337,94558051549,94558051544,bid,88173.5,0.054489,delta
1766304165337,94558051549,94558051549,bid,88169.9,0,delta
1766304165337,94558051549,94558051549,bid,88169.1,0.005671,delta
1766304165457,94558051577,94558051549,bid,88150.4,0.022685,delta
1766304165498,94558051583,94558051577,bid,88150.4,0.277922,delta
1766304165517,94558051590,94558051583,bid,88160.9,0,delta
1766304165517,94558051590,94558051590,bid,88158.4,0.005671,delta
1766304165517,94558051590,94558051590,ask,88197.9,0.006,delta
1766304165517,94558051590,94558051590,ask,88198.8,0,delta
1766304165517,94558051590,94558051590,ask,88206.7,0.011341,delta
1766304165538,94558051599,94558051590,bid,88160.9,0.005671,delta
1766304165538,94558051599,94558051599,bid,88158.4,0,delta
1766304165538,94558051599,94558051599,ask,88197.9,0.000329,delta
1766304165538,94558051599,94558051599,ask,88198.8,0.005671,delta
1766304165538,94558051599,94558051599,ask,88206.7,0,delta
1766304165557,94558051607,94558051599,bid,88171.6,0,delta
1766304165557,94558051607,94558051607,bid,88170.4,0.002835,delta
1766304165557,94558051607,94558051607,bid,88160.9,0,delta
1766304165557,94558051607,94558051607,bid,88158.5,0.005671,delta
1766304165597,94558051615,94558051607,bid,88150.4,0.022685,delta
1766304165597,94558051615,94558051615,bid,88150.1,0.255237,delta
1766304165597,94558051615,94558051615,bid,88150,0,delta
1766304165618,94558051636,94558051615,bid,88158.5,0,delta
1766304165618,94558051636,94558051636,bid,88158.4,0.005671,delta
1766304165618,94558051636,94558051636,ask,88183.6,0,delta
1766304165618,94558051636,94558051636,ask,88183.8,0.013637,delta
1766304165618,94558051636,94558051636,ask,88197.8,0.005671,delta
1766304165618,94558051636,94558051636,ask,88198.8,0,delta
1766304165637,94558051647,94558051636,bid,88170.2,0.005671,delta
1766304165637,94558051647,94558051647,bid,88169.1,0,delta
1766304165637,94558051647,94558051647,bid,88161.4,0.005671,delta
1766304165637,94558051647,94558051647,bid,88158.4,0,delta
1766304165637,94558051647,94558051647,ask,88197.8,0,delta
1766304165637,94558051647,94558051647,ask,88198.8,0.005671,delta
1766304165677,94558051664,94558051647,bid,88170.2,0,delta
1766304165677,94558051664,94558051664,bid,88169.1,0.005671,delta
1766304165677,94558051664,94558051664,bid,88150.4,0.277921,delta
1766304165677,94558051664,94558051664,bid,88150.1,0,delta
1766304165677,94558051664,94558051664,bid,88150,0.125008,delta
1766304165697,94558051671,94558051664,bid,88170.2,0.005671,delta
1766304165697,94558051671,94558051671,bid,88169.1,0,delta
1766304165717,94558051678,94558051671,bid,88170.2,0,delta
1766304165717,94558051678,94558051678,bid,88169.9,0.005671,delta
1766304165717,94558051678,94558051678,bid,88161.4,0,delta
1766304165717,94558051678,94558051678,bid,88160.9,0.005671,delta
1766304165777,94558051689,94558051678,bid,88169.9,0,delta
1766304165777,94558051689,94558051689,bid,88169.1,0.005671,delta
1766304165798,94558051695,94558051689,bid,88160.9,0,delta
1766304165798,94558051695,94558051695,bid,88158.4,0.005671,delta
1766304165817,94558051702,94558051695,bid,88169.9,0.005671,delta
1766304165817,94558051702,94558051702,bid,88169.1,0,delta
1766304165817,94558051702,94558051702,bid,88160.9,0.005671,delta
1766304165817,94558051702,94558051702,bid,88158.4,0,delta
1766304165917,94558051723,94558051702,bid,88174.2,0.472899,delta
1766304165937,94558051732,94558051723,bid,88174.2,0.471763,delta
1766304165977,94558051745,94558051732,bid,88169.9,0,delta
1766304165977,94558051745,94558051745,bid,88169.1,0.005671,delta
1766304165977,94558051745,94558051745,bid,88160.9,0,delta
1766304165977,94558051745,94558051745,bid,88158.4,0.005671,delta
1766304165977,94558051745,94558051745,ask,88196.9,0,delta
1766304165977,94558051745,94558051745,ask,88197.9,0.006,delta
1766304165977,94558051745,94558051745,ask,88198.8,0,delta
1766304165977,94558051745,94558051745,ask,88206.7,0.011341,delta
1766304165977,94558051745,94558051745,ask,88207.1,0.105408,delta
1766304165997,94558051751,94558051745,bid,88160.9,0.005671,delta
1766304165997,94558051751,94558051751,bid,88158.4,0,delta
1766304165997,94558051751,94558051751,ask,88196.6,0.013293,delta
1766304165997,94558051751,94558051751,ask,88197.9,0.000329,delta
1766304165997,94558051751,94558051751,ask,88198.8,0.005671,delta
1766304165997,94558051751,94558051751,ask,88207.1,0,delta
1766304166017,94558051780,94558051751,ask,88202.8,0,delta
1766304166017,94558051780,94558051780,ask,88207.1,0.105408,delta
1766304166037,94558051792,94558051780,ask,88202.8,0.1,delta
1766304166037,94558051792,94558051792,ask,88207.1,0,delta
1766304166077,94558051800,94558051792,ask,88196.6,0.057956,delta
1766304166098,94558051815,94558051800,bid,88174.2,0.471681,delta
1766304166098,94558051815,94558051815,bid,88169.9,0.005671,delta
1766304166098,94558051815,94558051815,bid,88169.1,0,delta
1766304166098,94558051815,94558051815,ask,88196.5,0.026625,delta
1766304166098,94558051815,94558051815,ask,88196.6,0.044663,delta
1766304166098,94558051815,94558051815,ask,88206.7,0,delta
1766304166157,94558051825,94558051815,bid,88169.9,0,delta
1766304166157,94558051825,94558051825,bid,88169.1,0.005671,delta
1766304166197,94558051834,94558051825,ask,88174.3,0.406812,delta
1766304166197,94558051834,94558051834,ask,88179.3,0,delta
1766304166197,94558051834,94558051834,ask,88181.7,0.010797,delta
1766304166197,94558051834,94558051834,ask,88206.7,0.011341,delta
1766304166218,94558051841,94558051834,bid,88174.1,0.0312,delta
1766304166218,94558051841,94558051841,bid,88169.9,0.005671,delta
1766304166218,94558051841,94558051841,bid,88169.1,0,delta
1766304166218,94558051841,94558051841,bid,88150,0,delta
1766304166258,94558051850,94558051841,bid,88170,0.005671,delta
1766304166258,94558051850,94558051850,bid,88169.9,0,delta
1766304166277,94558051854,94558051850,bid,88174.2,0.472281,delta
1766304166317,94558051865,94558051854,bid,88170,0,delta
1766304166317,94558051865,94558051865,bid,88169.9,0.005671,delta
1766304166398,94558051879,94558051865,bid,88150.4,0.022685,delta
1766304166417,94558051885,94558051879,bid,88150.4,0.277921,delta
1766304166438,94558051891,94558051885,ask,88179.1,0.015887,delta
1766304166438,94558051891,94558051891,ask,88181.7,0.0006,delta
1766304166537,94558051906,94558051891,ask,88174.3,0.407412,delta
1766304166818,94558051946,94558051906,ask,88174.3,0.412412,delta
1766304166957,94558051970,94558051946,bid,88150.5,0.18596,delta
1766304166957,94558051970,94558051970,bid,88150.2,0,delta
1766304167037,94558052015,94558051970,bid,88150.6,0.255236,delta
1766304167037,94558052015,94558052015,bid,88150.4,0.022685,delta
1766304167037,94558052015,94558052015,bid,88150.3,0,delta
1766304167057,94558052018,94558052015,bid,88150.5,0,delta
1766304167057,94558052018,94558052018,bid,88150.3,0.102266,delta
1766304167137,94558052038,94558052018,bid,88169.9,0,delta
1766304167137,94558052038,94558052038,bid,88169.1,0.005671,delta
1766304167137,94558052038,94558052038,bid,88160.9,0,delta
1766304167137,94558052038,94558052038,bid,88158.4,0.005671,delta
1766304167137,94558052038,94558052038,bid,88150.6,0,delta
1766304167137,94558052038,94558052038,bid,88150.4,0.277921,delta
1766304167137,94558052038,94558052038,bid,88150.2,0.004917,delta
1766304167137,94558052038,94558052038,ask,88197.8,0.005671,delta
1766304167137,94558052038,94558052038,ask,88198.8,0,delta
1766304167178,94558052050,94558052038,bid,88150.4,0.022685,delta
1766304167218,94558052063,94558052050,ask,88197.8,0,delta
1766304167218,94558052063,94558052063,ask,88197.9,0.006,delta
1766304167218,94558052063,94558052063,ask,88207.1,0.105408,delta
1766304167257,94558052073,94558052063,ask,88197.9,0.000329,delta
1766304167257,94558052073,94558052073,ask,88198.8,0.005671,delta
1766304167257,94558052073,94558052073,ask,88207.1,0,delta
1766304167277,94558052080,94558052073,bid,88174.2,0.441081,delta
1766304167277,94558052080,94558052080,bid,88160.9,0.005671,delta
1766304167277,94558052080,94558052080,bid,88158.4,0,delta
1766304167277,94558052080,94558052080,ask,88180.8,0,delta
1766304167277,94558052080,94558052080,ask,88187.9,0.03,delta
1766304167277,94558052080,94558052080,ask,88198.7,0.005671,delta
1766304167277,94558052080,94558052080,ask,88198.8,0,delta
1766304167317,94558052088,94558052080,ask,88198.7,0,delta
1766304167317,94558052088,94558052088,ask,88198.8,0.005671,delta
1766304167437,94558052108,94558052088,bid,88169.9,0.005671,delta
1766304167437,94558052108,94558052108,bid,88169.1,0,delta
1766304167517,94558052124,94558052108,bid,88174.2,0.440562,delta
1766304167517,94558052124,94558052124,ask,88174.3,0.442412,delta
1766304167577,94558052136,94558052124,bid,88169.9,0,delta
1766304167577,94558052136,94558052136,bid,88169.1,0.005671,delta
1766304167598,94558052153,94558052136,bid,88160.9,0,delta
1766304167598,94558052153,94558052153,bid,88158.4,0.005671,delta
1766304167598,94558052153,94558052153,ask,88197.9,0.006,delta
1766304167598,94558052153,94558052153,ask,88198.8,0,delta
1766304167598,94558052153,94558052153,ask,88207.1,0.105408,delta
1766304167618,94558052160,94558052153,ask,88197.9,0.000329,delta
1766304167618,94558052160,94558052160,ask,88198.8,0.005671,delta
1766304167618,94558052160,94558052160,ask,88207.1,0,delta
1766304167637,94558052167,94558052160,bid,88160.9,0.005671,delta
1766304167637,94558052167,94558052167,bid,88158.4,0,delta
1766304167877,94558052216,94558052167,bid,88169.9,0.005671,delta
1766304167877,94558052216,94558052216,bid,88169.1,0,delta
1766304167877,94558052216,94558052216,ask,88174.3,0.396402,delta
1766304167898,94558052220,94558052216,bid,88167,0.075,delta
1766304167898,94558052220,94558052220,bid,88150.2,0,delta
1766304167898,94558052220,94558052220,ask,88174.3,0.394781,delta
1766304167937,94558052229,94558052220,bid,88173.7,0,delta
1766304167937,94558052229,94558052229,bid,88150.2,0.004917,delta
1766304167957,94558052232,94558052229,bid,88174.1,0,delta
1766304167957,94558052232,94558052232,bid,88150,0.125008,delta
1766304167977,94558052240,94558052232,bid,88150.5,0.109772,delta
1766304167977,94558052240,94558052240,bid,88150,0,delta
1766304167997,94558052261,94558052240,bid,88170.2,0.005671,delta
1766304167997,94558052261,94558052261,bid,88169.9,0,delta
1766304167997,94558052261,94558052261,bid,88167,0,delta
1766304167997,94558052261,94558052261,bid,88161.4,0.005671,delta
1766304167997,94558052261,94558052261,bid,88160.9,0,delta
1766304167997,94558052261,94558052261,bid,88150,0.380246,delta
1766304167997,94558052261,94558052261,ask,88174.3,0.429142,delta
1766304167997,94558052261,94558052261,ask,88183.8,0,delta
1766304167997,94558052261,94558052261,ask,88207.1,0.105408,delta
1766304168017,94558052301,94558052261,bid,88170.4,0.005671,delta
1766304168017,94558052301,94558052301,bid,88170.2,0,delta
1766304168017,94558052301,94558052301,bid,88149.9,0.112871,delta
1766304168038,94558052307,94558052301,bid,88170.4,0,delta
1766304168038,94558052307,94558052307,bid,88170.2,0.005671,delta
1766304168038,94558052307,94558052307,bid,88150.4,0.277921,delta
1766304168038,94558052307,94558052307,bid,88150,0.125008,delta
1766304168057,94558052311,94558052307,ask,88174.3,0.399142,delta
