ts_ms,seq,prev_seq,book_side,price,size,type
1766322156759,501952994525,501952994524,bid,88633.20,0.813,snapshot
1766322156759,501952994525,501952994524,bid,88633.10,0.401,snapshot
1766322156759,501952994525,501952994524,bid,88632.00,0.001,snapshot
1766322156759,501952994525,501952994524,bid,88631.90,0.001,snapshot
1766322156759,501952994525,501952994524,bid,88631.60,0.001,snapshot
1766322156759,501952994525,501952994524,bid,88631.50,1.463,snapshot
1766322156759,501952994525,501952994524,bid,88631.10,0.018,snapshot
1766322156759,501952994525,501952994524,bid,88630.80,0.001,snapshot
1766322156759,501952994525,501952994524,bid,88630.60,0.002,snapshot
1766322156759,501952994525,501952994524,bid,88630.40,0.280,snapshot
1766322156759,501952994525,501952994524,bid,88630.10,0.001,snapshot
1766322156759,501952994525,501952994524,bid,88629.80,0.002,snapshot
1766322156759,501952994525,501952994524,bid,88629.10,0.018,snapshot
1766322156759,501952994525,501952994524,bid,88629.00,0.021,snapshot
1766322156759,501952994525,501952994524,bid,88628.90,0.039,snapshot
1766322156759,501952994525,501952994524,bid,88628.80,0.060,snapshot
1766322156759,501952994525,501952994524,bid,88628.70,0.007,snapshot
1766322156759,501952994525,501952994524,bid,88628.60,0.066,snapshot
1766322156759,501952994525,501952994524,bid,88628.20,0.001,snapshot
1766322156759,501952994525,501952994524,bid,88627.50,0.001,snapshot
1766322156759,501952994525,501952994524,bid,88627.30,0.007,snapshot
1766322156759,501952994525,501952994524,bid,88627.20,0.006,snapshot
1766322156759,501952994525,501952994524,bid,88627.10,0.002,snapshot
1766322156759,501952994525,501952994524,bid,88626.90,0.001,snapshot
1766322156759,501952994525,501952994524,bid,88626.80,0.003,snapshot
1766322156759,501952994525,501952994524,bid,88626.40,0.012,snapshot
1766322156759,501952994525,501952994524,bid,88626.30,0.002,snapshot
1766322156759,501952994525,501952994524,bid,88626.20,0.001,snapshot
1766322156759,501952994525,501952994524,bid,88625.90,0.001,snapshot
1766322156759,501952994525,501952994524,bid,88625.60,0.100,snapshot
1766322156759,501952994525,501952994524,bid,88625.40,0.564,snapshot
1766322156759,501952994525,501952994524,bid,88625.10,0.006,snapshot
1766322156759,501952994525,501952994524,bid,88624.90,0.006,snapshot
1766322156759,501952994525,501952994524,bid,88624.80,0.007,snapshot
1766322156759,501952994525,501952994524,bid,88624.70,0.003,snapshot
1766322156759,501952994525,501952994524,bid,88624.50,0.002,snapshot
1766322156759,501952994525,501952994524,bid,88624.40,0.008,snapshot
1766322156759,501952994525,501952994524,bid,88624.30,0.011,snapshot
1766322156759,501952994525,501952994524,bid,88624.20,0.009,snapshot
1766322156759,501952994525,501952994524,bid,88624.10,0.024,snapshot
1766322156759,501952994525,501952994524,bid,88624.00,0.038,snapshot
1766322156759,501952994525,501952994524,bid,88623.90,0.027,snapshot
1766322156759,501952994525,501952994524,bid,88623.80,0.013,snapshot
1766322156759,501952994525,501952994524,bid,88623.70,0.016,snapshot
1766322156759,501952994525,501952994524,bid,88623.60,0.002,snapshot
1766322156759,501952994525,501952994524,bid,88623.40,1.000,snapshot
1766322156759,501952994525,501952994524,bid,88623.30,0.413,snapshot
1766322156759,501952994525,501952994524,bid,88623.10,0.018,snapshot
1766322156759,501952994525,501952994524,bid,88623.00,0.002,snapshot
1766322156759,501952994525,501952994524,bid,88622.90,0.001,snapshot
1766322156759,501952994525,501952994524,ask,88633.30,1.578,snapshot
1766322156759,501952994525,501952994524,ask,88634.80,0.067,snapshot
1766322156759,501952994525,501952994524,ask,88634.90,2.406,snapshot
1766322156759,501952994525,501952994524,ask,88635.00,0.069,snapshot
1766322156759,501952994525,501952994524,ask,88635.10,0.001,snapshot
1766322156759,501952994525,501952994524,ask,88635.30,0.067,snapshot
1766322156759,501952994525,501952994524,ask,88635.40,0.008,snapshot
1766322156759,501952994525,501952994524,ask,88635.50,0.067,snapshot
1766322156759,501952994525,501952994524,ask,88635.60,0.008,snapshot
1766322156759,501952994525,501952994524,ask,88635.70,0.067,snapshot
1766322156759,501952994525,501952994524,ask,88635.80,0.002,snapshot
1766322156759,501952994525,501952994524,ask,88636.00,7.400,snapshot
1766322156759,501952994525,501952994524,ask,88636.10,0.002,snapshot
1766322156759,501952994525,501952994524,ask,88637.60,0.002,snapshot
1766322156759,501952994525,501952994524,ask,88637.70,0.001,snapshot
1766322156759,501952994525,501952994524,ask,88637.80,0.099,snapshot
1766322156759,501952994525,501952994524,ask,88638.40,1.129,snapshot
1766322156759,501952994525,501952994524,ask,88638.50,0.001,snapshot
1766322156759,501952994525,501952994524,ask,88638.90,0.005,snapshot
1766322156759,501952994525,501952994524,ask,88639.50,0.003,snapshot
1766322156759,501952994525,501952994524,ask,88639.90,0.001,snapshot
1766322156759,501952994525,501952994524,ask,88640.00,0.001,snapshot
1766322156759,501952994525,501952994524,ask,88640.50,0.200,snapshot
1766322156759,501952994525,501952994524,ask,88640.70,0.002,snapshot
1766322156759,501952994525,501952994524,ask,88640.90,0.001,snapshot
1766322156759,501952994525,501952994524,ask,88641.00,0.001,snapshot
1766322156759,501952994525,501952994524,ask,88641.30,0.112,snapshot
1766322156759,501952994525,501952994524,ask,88641.40,0.001,snapshot
1766322156759,501952994525,501952994524,ask,88641.90,2.172,snapshot
1766322156759,501952994525,501952994524,ask,88642.00,1.019,snapshot
1766322156759,501952994525,501952994524,ask,88642.10,0.001,snapshot
1766322156759,501952994525,501952994524,ask,88642.20,0.008,snapshot
1766322156759,501952994525,501952994524,ask,88642.30,0.117,snapshot
1766322156759,501952994525,501952994524,ask,88642.40,2.274,snapshot
1766322156759,501952994525,501952994524,ask,88642.90,0.002,snapshot
1766322156759,501952994525,501952994524,ask,88643.10,0.001,snapshot
1766322156759,501952994525,501952994524,ask,88643.90,0.001,snapshot
1766322156759,501952994525,501952994524,ask,88644.00,0.057,snapshot
1766322156759,501952994525,501952994524,ask,88644.20,0.001,snapshot
1766322156759,501952994525,501952994524,ask,88644.50,0.015,snapshot
1766322156759,501952994525,501952994524,ask,88644.60,0.004,snapshot
1766322156759,501952994525,501952994524,ask,88645.00,0.007,snapshot
1766322156759,501952994525,501952994524,ask,88645.30,0.019,snapshot
1766322156759,501952994525,501952994524,ask,88645.40,0.500,snapshot
1766322156759,501952994525,501952994524,ask,88645.50,0.225,snapshot
1766322156759,501952994525,501952994524,ask,88645.60,0.001,snapshot
1766322156759,501952994525,501952994524,ask,88645.70,0.005,snapshot
1766322156759,501952994525,501952994524,ask,88645.80,0.017,snapshot
1766322156759,501952994525,501952994524,ask,88646.00,0.004,snapshot
1766322156759,501952994525,501952994524,ask,88646.10,0.112,snapshot
1766322156779,501952994614,501952994525,bid,88633.20,0.925,delta
1766322156779,501952994614,501952994525,ask,88635.60,0.001,delta
1766322156799,501952994674,501952994614,ask,88638.90,0,delta
1766322156799,501952994674,501952994614,ask,88639.00,0.005,delta
1766322156819,501952994722,501952994674,ask,88638.40,1.124,delta
1766322156819,501952994722,501952994674,ask,88638.90,0.005,delta
1766322156819,501952994722,501952994674,ask,88639.00,0,delta
1766322156819,501952994722,501952994674,ask,88639.10,0.005,delta
1766322156819,501952994722,501952994674,ask,88645.50,0,delta
1766322156819,501952994722,501952994674,ask,88645.60,0.226,delta
1766322156919,501952994968,501952994722,ask,88638.40,1.129,delta
1766322156919,501952994968,501952994722,ask,88638.90,0,delta
1766322156919,501952994968,501952994722,ask,88645.50,0.225,delta
1766322156919,501952994968,501952994722,ask,88645.60,0.001,delta
1766322156939,501952995027,501952994968,ask,88645.30,0.007,delta
1766322157019,501952995214,501952995027,ask,88633.30,1.511,delta
1766322157039,501952995266,501952995214,bid,88633.20,0.968,delta
1766322157039,501952995266,501952995214,ask,88634.80,0.086,delta
1766322157039,501952995266,501952995214,ask,88638.40,1.124,delta
1766322157039,501952995266,501952995214,ask,88639.00,0.005,delta
1766322157039,501952995266,501952995214,ask,88639.10,0,delta
1766322157039,501952995266,501952995214,ask,88639.20,0.005,delta
1766322157039,501952995266,501952995214,ask,88645.30,0,delta
1766322157039,501952995266,501952995214,ask,88645.50,0,delta
1766322157039,501952995266,501952995214,ask,88645.60,0.226,delta
1766322157039,501952995266,501952995214,ask,88646.20,1.692,delta
1766322157119,501952995379,501952995266,bid,88633.20,0.986,delta
1766322157139,501952995486,501952995379,ask,88633.30,1.350,delta
1766322157139,501952995486,501952995379,ask,88635.00,0.002,delta
1766322157139,501952995486,501952995379,ask,88635.30,0,delta
1766322157139,501952995486,501952995379,ask,88637.80,0,delta
1766322157139,501952995486,501952995379,ask,88639.00,0,delta
1766322157139,501952995486,501952995379,ask,88639.20,0,delta
1766322157139,501952995486,501952995379,ask,88640.40,0.005,delta
1766322157139,501952995486,501952995379,ask,88640.70,0.007,delta
1766322157139,501952995486,501952995379,ask,88642.00,1.100,delta
1766322157139,501952995486,501952995379,ask,88645.60,0.001,delta
1766322157139,501952995486,501952995379,ask,88646.30,0.040,delta
1766322157139,501952995486,501952995379,ask,88646.40,0.081,delta
1766322157139,501952995486,501952995379,ask,88646.50,0.008,delta
1766322157179,501952995696,501952995486,bid,88633.20,2.145,delta
1766322157179,501952995696,501952995486,bid,88623.50,0.288,delta
1766322157179,501952995696,501952995486,bid,88623.30,0,delta
1766322157179,501952995696,501952995486,ask,88633.30,0.589,delta
1766322157179,501952995696,501952995486,ask,88635.50,0,delta
1766322157179,501952995696,501952995486,ask,88635.70,0,delta
1766322157179,501952995696,501952995486,ask,88640.40,0,delta
1766322157179,501952995696,501952995486,ask,88640.70,0.002,delta
1766322157179,501952995696,501952995486,ask,88640.80,0.005,delta
1766322157179,501952995696,501952995486,ask,88640.90,0.006,delta
1766322157179,501952995696,501952995486,ask,88646.20,0,delta
1766322157179,501952995696,501952995486,ask,88646.60,1.034,delta
1766322157179,501952995696,501952995486,ask,88646.70,2.172,delta
1766322157179,501952995696,501952995486,ask,88646.80,3.999,delta
1766322157199,501952995804,501952995696,bid,88624.20,0.111,delta
1766322157199,501952995804,501952995696,bid,88623.50,0.665,delta
1766322157199,501952995804,501952995696,ask,88633.30,0.420,delta
1766322157199,501952995804,501952995696,ask,88634.80,0,delta
1766322157199,501952995804,501952995696,ask,88634.90,2.339,delta
1766322157199,501952995804,501952995696,ask,88637.90,0.038,delta
1766322157199,501952995804,501952995696,ask,88640.80,0,delta
1766322157199,501952995804,501952995696,ask,88640.90,0.001,delta
1766322157199,501952995804,501952995696,ask,88641.50,0.005,delta
1766322157199,501952995804,501952995696,ask,88641.80,0.005,delta
1766322157199,501952995804,501952995696,ask,88642.40,1.425,delta
1766322157199,501952995804,501952995696,ask,88646.40,0.025,delta
1766322157199,501952995804,501952995696,ask,88646.50,0.015,delta
1766322157199,501952995804,501952995696,ask,88646.80,0,delta
1766322157219,501952995851,501952995804,bid,88633.20,2.257,delta
1766322157219,501952995851,501952995804,ask,88640.90,0.006,delta
1766322157219,501952995851,501952995804,ask,88641.30,0.089,delta
1766322157219,501952995851,501952995804,ask,88641.40,0.006,delta
1766322157219,501952995851,501952995804,ask,88641.50,0,delta
1766322157219,501952995851,501952995804,ask,88641.80,0,delta
1766322157219,501952995851,501952995804,ask,88646.80,3.999,delta
1766322157219,501952995851,501952995804,ask,88646.90,0.073,delta
1766322157240,501952995894,501952995851,ask,88640.90,0.001,delta
1766322157240,501952995894,501952995851,ask,88641.20,0.005,delta
1766322157240,501952995894,501952995851,ask,88641.40,0.001,delta
1766322157240,501952995894,501952995851,ask,88641.70,0.005,delta
1766322157240,501952995894,501952995851,ask,88646.80,0,delta
1766322157240,501952995894,501952995851,ask,88646.90,0,delta
1766322157259,501952995931,501952995894,ask,88636.10,0.001,delta
1766322157259,501952995931,501952995894,ask,88638.50,0.002,delta
1766322157259,501952995931,501952995894,ask,88646.60,1.057,delta
1766322157279,501952995966,501952995931,bid,88633.20,2.262,delta
1766322157299,501952996000,501952995966,ask,88641.30,0.094,delta
1766322157299,501952996000,501952995966,ask,88641.70,0,delta
1766322157299,501952996000,501952995966,ask,88646.80,3.999,delta
1766322157319,501952996055,501952996000,bid,88633.20,2.252,delta
1766322157319,501952996055,501952996000,bid,88625.20,0.186,delta
1766322157319,501952996055,501952996000,bid,88622.90,0,delta
1766322157319,501952996055,501952996000,ask,88640.60,0.005,delta
1766322157319,501952996055,501952996000,ask,88641.30,0.089,delta
1766322157319,501952996055,501952996000,ask,88646.80,0,delta
1766322157339,501952996121,501952996055,ask,88633.30,0.489,delta
1766322157339,501952996121,501952996055,ask,88641.10,0.005,delta
1766322157339,501952996121,501952996055,ask,88641.20,0,delta
1766322157339,501952996121,501952996055,ask,88641.30,0.022,delta
1766322157379,501952996166,501952996121,ask,88646.70,2.191,delta
1766322157419,501952996226,501952996166,ask,88640.90,0.006,delta
1766322157419,501952996226,501952996166,ask,88641.10,0,delta
1766322157419,501952996226,501952996166,ask,88646.80,3.999,delta
1766322157439,501952996253,501952996226,ask,88640.80,0.005,delta
1766322157439,501952996253,501952996226,ask,88640.90,0.001,delta
1766322157439,501952996253,501952996226,ask,88646.50,0.008,delta
1766322157439,501952996253,501952996226,ask,88646.80,0,delta
1766322157519,501952996352,501952996253,ask,88640.70,0.007,delta
1766322157519,501952996352,501952996253,ask,88640.80,0,delta
1766322157519,501952996352,501952996253,ask,88646.80,3.999,delta
1766322157639,501952996499,501952996352,ask,88634.80,0.067,delta
1766322157639,501952996499,501952996352,ask,88646.80,0,delta
1766322157659,501952996517,501952996499,ask,88634.80,0.074,delta
1766322157659,501952996517,501952996499,ask,88646.70,2.172,delta
1766322157679,501952996548,501952996517,ask,88634.80,0.086,delta
1766322157679,501952996548,501952996517,ask,88639.90,0.006,delta
1766322157679,501952996548,501952996517,ask,88640.70,0.002,delta
1766322157679,501952996548,501952996517,ask,88646.70,2.179,delta
1766322157739,501952996630,501952996548,ask,88634.80,0.019,delta
1766322157759,501952996638,501952996630,ask,88634.80,0,delta
1766322157759,501952996638,501952996630,ask,88646.80,3.999,delta
1766322157879,501952996777,501952996638,ask,88646.70,2.191,delta
1766322157899,501952996803,501952996777,ask,88634.80,0.067,delta
1766322157899,501952996803,501952996777,ask,88646.80,0,delta
1766322157920,501952996831,501952996803,ask,88646.70,2.184,delta
1766322157939,501952996895,501952996831,ask,88633.30,0.499,delta
1766322157939,501952996895,501952996831,ask,88634.80,0.081,delta
1766322157959,501952996922,501952996895,ask,88646.70,2.172,delta
1766322158039,501952997019,501952996922,ask,88640.50,0.205,delta
1766322158039,501952997019,501952996922,ask,88640.60,0,delta
1766322158039,501952997019,501952996922,ask,88646.80,3.999,delta
1766322158059,501952997061,501952997019,ask,88634.80,0.086,delta
1766322158059,501952997061,501952997019,ask,88640.20,0.005,delta
1766322158059,501952997061,501952997019,ask,88640.50,0.200,delta
1766322158059,501952997061,501952997019,ask,88646.60,1.282,delta
1766322158059,501952997061,501952997019,ask,88646.80,0,delta
1766322158119,501952997113,501952997061,ask,88634.70,0.067,delta
1766322158119,501952997113,501952997061,ask,88639.40,0.005,delta
1766322158119,501952997113,501952997061,ask,88639.90,0.001,delta
1766322158119,501952997113,501952997061,ask,88640.10,0.005,delta
1766322158119,501952997113,501952997061,ask,88640.20,0,delta
1766322158119,501952997113,501952997061,ask,88646.50,0.233,delta
1766322158119,501952997113,501952997061,ask,88646.60,0,delta
1766322158119,501952997113,501952997061,ask,88646.70,0,delta
1766322158140,501952997132,501952997113,ask,88646.50,0.008,delta
1766322158199,501952997171,501952997132,bid,88624.20,0.009,delta
1766322158220,501952997208,501952997171,ask,88634.80,0.079,delta
1766322158220,501952997208,501952997171,ask,88635.90,0.067,delta
1766322158220,501952997208,501952997171,ask,88639.40,0,delta
1766322158220,501952997208,501952997171,ask,88639.80,0.005,delta
1766322158220,501952997208,501952997171,ask,88640.10,0,delta
1766322158220,501952997208,501952997171,ask,88640.30,0.005,delta
1766322158220,501952997208,501952997171,ask,88646.50,0,delta
1766322158299,501952997330,501952997208,bid,88624.20,0.111,delta
1766322158299,501952997330,501952997208,ask,88640.30,0,delta
1766322158299,501952997330,501952997208,ask,88640.70,0.007,delta
1766322158299,501952997330,501952997208,ask,88646.50,0.008,delta
1766322158319,501952997355,501952997330,ask,88634.80,0.074,delta
1766322158359,501952997397,501952997355,ask,88640.60,0.005,delta
1766322158359,501952997397,501952997355,ask,88640.70,0.002,delta
1766322158359,501952997397,501952997355,ask,88646.50,0,delta
1766322158379,501952997438,501952997397,ask,88639.80,0,delta
1766322158379,501952997438,501952997397,ask,88640.40,0.005,delta
1766322158379,501952997438,501952997397,ask,88640.60,0,delta
1766322158379,501952997438,501952997397,ask,88640.80,0.005,delta
1766322158399,501952997461,501952997438,ask,88634.80,0.086,delta
1766322158459,501952997537,501952997461,ask,88634.70,0,delta
1766322158459,501952997537,501952997461,ask,88634.80,0.019,delta
1766322158459,501952997537,501952997461,ask,88635.90,0,delta
1766322158459,501952997537,501952997461,ask,88646.50,0.008,delta
1766322158459,501952997537,501952997461,ask,88646.60,1.057,delta
1766322158479,501952997564,501952997537,ask,88634.80,0.012,delta
1766322158500,501952997584,501952997564,ask,88634.80,0,delta
1766322158500,501952997584,501952997564,ask,88646.70,2.172,delta
1766322158519,501952997606,501952997584,ask,88640.80,0,delta
1766322158519,501952997606,501952997584,ask,88640.90,0.006,delta
1766322158519,501952997606,501952997584,ask,88646.80,3.999,delta
1766322158539,501952997632,501952997606,ask,88646.70,2.191,delta
1766322158559,501952997652,501952997632,ask,88640.80,0.005,delta
1766322158559,501952997652,501952997632,ask,88640.90,0.001,delta
1766322158559,501952997652,501952997632,ask,88646.80,0,delta
1766322158619,501952997720,501952997652,ask,88640.80,0,delta
1766322158619,501952997720,501952997652,ask,88640.90,0.006,delta
1766322158619,501952997720,501952997652,ask,88646.80,3.999,delta
1766322158639,501952997743,501952997720,ask,88640.80,0.005,delta
1766322158639,501952997743,501952997720,ask,88640.90,0.001,delta
1766322158639,501952997743,501952997720,ask,88646.80,0,delta
1766322158660,501952997769,501952997743,ask,88640.80,0,delta
1766322158660,501952997769,501952997743,ask,88640.90,0.006,delta
1766322158660,501952997769,501952997743,ask,88646.80,3.999,delta
1766322158679,501952997805,501952997769,ask,88633.30,0.426,delta
1766322158679,501952997805,501952997769,ask,88641.30,0.027,delta
1766322158679,501952997805,501952997769,ask,88642.20,0.078,delta
1766322158719,501952997867,501952997805,ask,88640.90,0.001,delta
1766322158719,501952997867,501952997805,ask,88641.00,0.006,delta
1766322158740,501952997903,501952997867,bid,88625.20,0.261,delta
1766322158740,501952997903,501952997867,ask,88634.80,0.067,delta
1766322158740,501952997903,501952997867,ask,88646.80,0,delta
1766322158759,501952997934,501952997903,ask,88634.80,0.074,delta
1766322158759,501952997934,501952997903,ask,88646.70,2.172,delta
1766322158779,501952997957,501952997934,ask,88634.80,0.086,delta
1766322158819,501952998048,501952997957,ask,88639.80,0.005,delta
1766322158819,501952998048,501952997957,ask,88640.40,0,delta
1766322158819,501952998048,501952997957,ask,88640.70,0.007,delta
1766322158819,501952998048,501952997957,ask,88641.00,0.001,delta
1766322158899,501952998160,501952998048,ask,88634.80,0.019,delta
1766322158920,501952998196,501952998160,ask,88640.60,0.005,delta
1766322158920,501952998196,501952998160,ask,88640.70,0.002,delta
1766322158920,501952998196,501952998160,ask,88646.70,0,delta
1766322158939,501952998216,501952998196,bid,88624.20,0.009,delta
1766322158939,501952998216,501952998196,ask,88633.30,0.416,delta
1766322158959,501952998250,501952998216,ask,88633.30,0.428,delta
1766322159059,501952998381,501952998250,ask,88640.60,0,delta
1766322159059,501952998381,501952998250,ask,88640.70,0.007,delta
1766322159059,501952998381,501952998250,ask,88646.70,2.172,delta
1766322159079,501952998403,501952998381,ask,88634.80,0.007,delta
1766322159100,501952998419,501952998403,ask,88634.80,0,delta
1766322159100,501952998419,501952998403,ask,88646.70,2.191,delta
1766322159100,501952998419,501952998403,ask,88646.80,3.999,delta
1766322159139,501952998442,501952998419,bid,88624.20,0.111,delta
1766322159219,501952998489,501952998442,ask,88640.60,0.005,delta
1766322159219,501952998489,501952998442,ask,88640.70,0.002,delta
1766322159219,501952998489,501952998442,ask,88646.80,0,delta
1766322159240,501952998539,501952998489,ask,88633.30,0.759,delta
1766322159259,501952998554,501952998539,bid,88624.20,0.009,delta
1766322159259,501952998554,501952998539,ask,88640.20,0.005,delta
1766322159259,501952998554,501952998539,ask,88640.60,0,delta
1766322159279,501952998568,501952998554,bid,88625.20,0.169,delta
1766322159279,501952998568,501952998554,ask,88640.20,0,delta
1766322159279,501952998568,501952998554,ask,88640.30,0.005,delta
1766322159319,501952998623,501952998568,bid,88625.20,0,delta
1766322159319,501952998623,501952998568,bid,88622.90,0.001,delta
1766322159319,501952998623,501952998568,ask,88633.30,0.872,delta
1766322159319,501952998623,501952998568,ask,88637.80,0.102,delta
1766322159319,501952998623,501952998568,ask,88640.10,0.005,delta
1766322159319,501952998623,501952998568,ask,88640.30,0,delta
1766322159319,501952998623,501952998568,ask,88646.50,0.233,delta
1766322159319,501952998623,501952998568,ask,88646.70,0,delta
1766322159339,501952998650,501952998623,ask,88633.30,0.877,delta
1766322159339,501952998650,501952998623,ask,88641.30,0.092,delta
1766322159339,501952998650,501952998623,ask,88642.20,0.008,delta
1766322159339,501952998650,501952998623,ask,88646.50,0.240,delta
1766322159359,501952998667,501952998650,ask,88640.10,0,delta
1766322159359,501952998667,501952998650,ask,88640.20,0.005,delta
1766322159420,501952998703,501952998667,ask,88640.20,0,delta
1766322159420,501952998703,501952998667,ask,88640.30,0.005,delta
1766322159420,501952998703,501952998667,ask,88646.40,0.250,delta
1766322159420,501952998703,501952998667,ask,88646.50,0.015,delta
1766322159439,501952998719,501952998703,ask,88634.80,0.067,delta
1766322159439,501952998719,501952998703,ask,88637.80,0,delta
1766322159439,501952998719,501952998703,ask,88646.50,0.027,delta
1766322159459,501952998732,501952998719,ask,88646.50,0.020,delta
1766322159519,501952998761,501952998732,ask,88639.80,0,delta
1766322159519,501952998761,501952998732,ask,88640.20,0.005,delta
1766322159519,501952998761,501952998732,ask,88640.30,0,delta
1766322159519,501952998761,501952998732,ask,88641.10,0.005,delta
1766322159519,501952998761,501952998732,ask,88646.40,0.025,delta
1766322159539,501952998771,501952998761,ask,88641.10,0,delta
1766322159539,501952998771,501952998761,ask,88641.20,0.005,delta
1766322159620,501952998851,501952998771,ask,88633.30,0.872,delta
1766322159659,501952998883,501952998851,ask,88640.40,0.005,delta
1766322159659,501952998883,501952998851,ask,88641.20,0,delta
1766322159679,501952998897,501952998883,bid,88628.60,0.070,delta
1766322159679,501952998897,501952998883,ask,88646.50,0.008,delta
1766322159679,501952998897,501952998883,ask,88646.60,1.282,delta
1766322159699,501952999217,501952998897,bid,88629.10,0,delta
1766322159699,501952999217,501952998897,bid,88629.00,0,delta
1766322159699,501952999217,501952998897,bid,88628.90,0.002,delta
1766322159699,501952999217,501952998897,bid,88628.80,0,delta
1766322159699,501952999217,501952998897,bid,88628.70,0,delta
1766322159699,501952999217,501952998897,bid,88628.60,0.006,delta
1766322159699,501952999217,501952998897,bid,88626.80,0,delta
1766322159699,501952999217,501952998897,bid,88625.10,0.003,delta
1766322159699,501952999217,501952998897,bid,88624.60,0.018,delta
1766322159699,501952999217,501952998897,bid,88624.50,0.017,delta
1766322159699,501952999217,501952998897,bid,88624.40,0.052,delta
1766322159699,501952999217,501952998897,bid,88624.30,0.060,delta
1766322159699,501952999217,501952998897,bid,88624.20,0.021,delta
1766322159699,501952999217,501952998897,bid,88624.10,0.076,delta
1766322159699,501952999217,501952998897,bid,88624.00,0.029,delta
1766322159699,501952999217,501952998897,bid,88623.90,0.012,delta
1766322159699,501952999217,501952998897,bid,88623.80,0.004,delta
1766322159699,501952999217,501952998897,bid,88623.70,0.004,delta
1766322159699,501952999217,501952998897,bid,88622.80,0.005,delta
1766322159699,501952999217,501952998897,bid,88622.70,0.025,delta
1766322159699,501952999217,501952998897,bid,88622.60,0.026,delta
1766322159699,501952999217,501952998897,bid,88622.50,0.016,delta
1766322159699,501952999217,501952998897,ask,88633.30,0.853,delta
1766322159699,501952999217,501952998897,ask,88640.40,0,delta
1766322159699,501952999217,501952998897,ask,88640.50,0.205,delta
1766322159699,501952999217,501952998897,ask,88642.60,0.003,delta
1766322159699,501952999217,501952998897,ask,88643.50,0.029,delta
1766322159699,501952999217,501952998897,ask,88643.60,0.009,delta
1766322159699,501952999217,501952998897,ask,88644.40,0.030,delta
1766322159699,501952999217,501952998897,ask,88645.30,0.009,delta
1766322159699,501952999217,501952998897,ask,88645.40,0.515,delta
1766322159699,501952999217,501952998897,ask,88645.50,0.012,delta
1766322159699,501952999217,501952998897,ask,88645.60,0.016,delta
1766322159699,501952999217,501952998897,ask,88645.70,0.010,delta
1766322159699,501952999217,501952998897,ask,88645.80,0.038,delta
1766322159699,501952999217,501952998897,ask,88646.10,0,delta
1766322159699,501952999217,501952998897,ask,88646.30,0,delta
1766322159699,501952999217,501952998897,ask,88646.40,0,delta
1766322159699,501952999217,501952998897,ask,88646.50,0,delta
1766322159699,501952999217,501952998897,ask,88646.60,0,delta
1766322159719,501952999233,501952999217,ask,88640.40,0.005,delta
1766322159719,501952999233,501952999217,ask,88640.50,0.200,delta
1766322159719,501952999233,501952999217,ask,88646.00,0,delta
1766322159740,501952999259,501952999233,bid,88622.90,0.006,delta
1766322159740,501952999259,501952999233,ask,88640.20,0,delta
1766322159740,501952999259,501952999233,ask,88640.40,0,delta
1766322159740,501952999259,501952999233,ask,88640.60,0.005,delta
1766322159740,501952999259,501952999233,ask,88641.50,0.005,delta
1766322159779,501952999283,501952999259,bid,88622.90,0.001,delta
1766322159779,501952999283,501952999259,bid,88622.60,0.031,delta
1766322159779,501952999283,501952999259,ask,88633.30,0.828,delta
1766322159800,501952999297,501952999283,ask,88641.20,0.005,delta
1766322159800,501952999297,501952999283,ask,88641.30,0.022,delta
1766322159800,501952999297,501952999283,ask,88641.50,0,delta
1766322159800,501952999297,501952999283,ask,88645.70,0.076,delta
1766322159820,501952999318,501952999297,ask,88641.10,0.005,delta
1766322159820,501952999318,501952999297,ask,88641.20,0,delta
1766322159860,501952999340,501952999318,bid,88622.60,0.026,delta
1766322159860,501952999340,501952999318,ask,88640.90,0.006,delta
1766322159860,501952999340,501952999318,ask,88641.10,0,delta
1766322159860,501952999340,501952999318,ask,88646.00,0.004,delta
1766322159899,501952999354,501952999340,ask,88639.90,0.006,delta
1766322159899,501952999354,501952999340,ask,88640.60,0,delta
1766322159899,501952999354,501952999340,ask,88646.10,0.112,delta
1766322159919,501952999365,501952999354,ask,88640.80,0.005,delta
1766322159919,501952999365,501952999354,ask,88640.90,0.001,delta
1766322159919,501952999365,501952999354,ask,88646.10,0,delta
1766322159959,501952999380,501952999365,ask,88633.30,0.816,delta
1766322159979,501952999407,501952999380,ask,88633.30,0.827,delta
1766322159999,501952999424,501952999407,ask,88635.80,0.077,delta
1766322159999,501952999424,501952999407,ask,88640.50,0.205,delta
1766322159999,501952999424,501952999407,ask,88640.80,0,delta
1766322159999,501952999424,501952999407,ask,88646.10,0.112,delta
1766322160079,501952999471,501952999424,ask,88640.40,0.005,delta
1766322160079,501952999471,501952999424,ask,88640.50,0.200,delta
1766322160079,501952999471,501952999424,ask,88646.10,0,delta
1766322160119,501952999493,501952999471,ask,88639.40,0.005,delta
1766322160119,501952999493,501952999471,ask,88639.90,0.001,delta
1766322160119,501952999493,501952999471,ask,88640.30,0.005,delta
1766322160119,501952999493,501952999471,ask,88640.40,0,delta
1766322160119,501952999493,501952999471,ask,88646.00,0,delta
1766322160219,501952999562,501952999493,bid,88633.20,1.767,delta
1766322160219,501952999562,501952999493,ask,88634.80,0.074,delta
1766322160219,501952999562,501952999493,ask,88636.00,0,delta
1766322160219,501952999562,501952999493,ask,88637.80,0.102,delta
1766322160219,501952999562,501952999493,ask,88640.00,0.006,delta
1766322160219,501952999562,501952999493,ask,88640.30,0,delta
1766322160219,501952999562,501952999493,ask,88646.00,0.004,delta
1766322160240,501952999583,501952999562,ask,88634.80,0.067,delta
1766322160240,501952999583,501952999562,ask,88634.90,0.070,delta
1766322160259,501952999622,501952999583,bid,88633.20,1.810,delta
1766322160279,501952999672,501952999622,ask,88636.10,0,delta
1766322160279,501952999672,501952999622,ask,88646.10,0.112,delta
1766322160299,501952999739,501952999672,ask,88638.50,0.001,delta
1766322160379,501952999943,501952999739,ask,88646.00,0.023,delta
1766322160399,501953000024,501952999943,bid,88633.20,1.767,delta
1766322160399,501953000024,501952999943,ask,88633.30,0.905,delta
1766322160399,501953000024,501952999943,ask,88637.90,0,delta
1766322160399,501953000024,501952999943,ask,88639.90,0.006,delta
1766322160399,501953000024,501952999943,ask,88640.00,0.001,delta
1766322160399,501953000024,501952999943,ask,88642.20,0.013,delta
1766322160399,501953000024,501952999943,ask,88645.70,0.005,delta
1766322160399,501953000024,501952999943,ask,88646.20,0.225,delta
1766322160419,501953000075,501953000024,ask,88637.70,0.076,delta
1766322160419,501953000075,501953000024,ask,88642.20,0.084,delta
1766322160419,501953000075,501953000024,ask,88645.90,0.225,delta
1766322160419,501953000075,501953000024,ask,88646.20,0,delta
1766322160439,501953000091,501953000075,bid,88633.20,1.810,delta
1766322160439,501953000091,501953000075,ask,88637.70,0.001,delta
1766322160439,501953000091,501953000075,ask,88639.90,0.001,delta
1766322160439,501953000091,501953000075,ask,88640.00,0.006,delta
1766322160439,501953000091,501953000075,ask,88645.90,0,delta
1766322160439,501953000091,501953000075,ask,88646.10,0.337,delta
1766322160439,501953000091,501953000075,ask,88646.20,0.007,delta
1766322160619,501953000186,501953000091,bid,88633.20,1.767,delta
1766322160619,501953000186,501953000091,ask,88646.10,0.112,delta
1766322160619,501953000186,501953000091,ask,88646.20,0.232,delta
1766322160639,501953000202,501953000186,bid,88633.20,1.810,delta
1766322160639,501953000202,501953000186,ask,88646.20,0.225,delta
1766322160659,501953000224,501953000202,ask,88633.30,0.827,delta
1766322160659,501953000224,501953000202,ask,88638.30,0.038,delta
1766322160659,501953000224,501953000202,ask,88640.00,0.001,delta
1766322160659,501953000224,501953000202,ask,88640.10,0.005,delta
1766322160659,501953000224,501953000202,ask,88646.10,0,delta
1766322160659,501953000224,501953000202,ask,88646.20,0,delta
1766322160679,501953000239,501953000224,ask,88640.10,0,delta
1766322160679,501953000239,501953000224,ask,88640.20,0.005,delta
1766322160679,501953000239,501953000224,ask,88646.00,0.011,delta
1766322160699,501953000249,501953000239,ask,88637.60,0.069,delta
1766322160719,501953000284,501953000249,bid,88633.20,1.767,delta
1766322160719,501953000284,501953000249,ask,88633.30,0.947,delta
1766322160719,501953000284,501953000249,ask,88640.10,0.005,delta
1766322160719,501953000284,501953000249,ask,88640.20,0,delta
1766322160719,501953000284,501953000249,ask,88641.30,0,delta
1766322160719,501953000284,501953000249,ask,88642.20,0.001,delta
1766322160719,501953000284,501953000249,ask,88645.70,0.341,delta
1766322160719,501953000284,501953000249,ask,88646.10,0.112,delta
1766322160739,501953000325,501953000284,ask,88639.70,0.005,delta
1766322160739,501953000325,501953000284,ask,88640.10,0,delta
1766322160739,501953000325,501953000284,ask,88645.90,0.225,delta
1766322160739,501953000325,501953000284,ask,88646.10,0,delta
1766322160759,501953000340,501953000325,ask,88639.70,0,delta
1766322160759,501953000340,501953000325,ask,88640.00,0.006,delta
1766322160759,501953000340,501953000325,ask,88645.90,0,delta
1766322160759,501953000340,501953000325,ask,88646.10,0.337,delta
1766322160759,501953000340,501953000325,ask,88646.30,0.052,delta
1766322160779,501953000367,501953000340,ask,88633.30,0.985,delta
1766322160779,501953000367,501953000340,ask,88638.30,0,delta
1766322160779,501953000367,501953000340,ask,88642.20,0.261,delta
1766322160779,501953000367,501953000340,ask,88645.70,0.005,delta
1766322160779,501953000367,501953000340,ask,88646.40,0.031,delta
1766322160800,501953000396,501953000367,ask,88638.30,0.005,delta
1766322160800,501953000396,501953000367,ask,88640.00,0.001,delta
1766322160800,501953000396,501953000367,ask,88646.40,0,delta
1766322160819,501953000423,501953000396,bid,88633.20,1.784,delta
1766322160819,501953000423,501953000396,ask,88639.30,0.005,delta
1766322160819,501953000423,501953000396,ask,88639.40,0,delta
1766322160819,501953000423,501953000396,ask,88645.30,0.234,delta
1766322160819,501953000423,501953000396,ask,88646.10,0.112,delta
1766322160839,501953000440,501953000423,ask,88639.30,0,delta
1766322160839,501953000440,501953000423,ask,88639.40,0.005,delta
1766322160839,501953000440,501953000423,ask,88645.30,0.009,delta
1766322160839,501953000440,501953000423,ask,88645.50,0.237,delta
1766322160860,501953000451,501953000440,ask,88638.30,0,delta
1766322160860,501953000451,501953000440,ask,88639.30,0.005,delta
1766322160879,501953000463,501953000451,ask,88646.00,0.004,delta
1766322160900,501953000468,501953000463,ask,88639.40,0,delta
1766322160900,501953000468,501953000463,ask,88639.60,0.005,delta
1766322160919,501953000482,501953000468,ask,88645.50,0.012,delta
1766322160919,501953000482,501953000468,ask,88645.70,0.230,delta
1766322160939,501953000491,501953000482,ask,88639.60,0,delta
1766322160939,501953000491,501953000482,ask,88639.70,0.005,delta
1766322160939,501953000491,501953000482,ask,88645.70,0.005,delta
1766322160939,501953000491,501953000482,ask,88645.90,0.225,delta
1766322160939,501953000491,501953000482,ask,88646.30,0,delta
1766322160959,501953000513,501953000491,ask,88633.30,1.024,delta
1766322160959,501953000513,501953000491,ask,88637.50,0.067,delta
1766322160959,501953000513,501953000491,ask,88642.20,0.337,delta
1766322160959,501953000513,501953000491,ask,88646.10,0,delta
1766322160979,501953000526,501953000513,ask,88639.70,0,delta
1766322160979,501953000526,501953000513,ask,88639.80,0.005,delta
1766322161000,501953000542,501953000526,ask,88633.30,1.025,delta
1766322161000,501953000542,501953000526,ask,88639.80,0,delta
1766322161000,501953000542,501953000526,ask,88639.90,0.006,delta
1766322161000,501953000542,501953000526,ask,88646.10,0.112,delta
1766322161019,501953000561,501953000542,ask,88645.90,0,delta
1766322161019,501953000561,501953000542,ask,88646.00,0.229,delta
1766322161019,501953000561,501953000542,ask,88646.30,0.071,delta
1766322161059,501953000578,501953000561,ask,88639.90,0.001,delta
1766322161059,501953000578,501953000561,ask,88640.00,0.006,delta
1766322161079,501953000587,501953000578,ask,88635.70,0.067,delta
1766322161079,501953000587,501953000578,ask,88646.30,0,delta
1766322161100,501953000599,501953000587,ask,88634.90,0.109,delta
1766322161119,501953000612,501953000599,ask,88646.00,0.004,delta
1766322161242,501953000669,501953000612,ask,88640.00,0.001,delta
1766322161242,501953000669,501953000612,ask,88640.10,0.005,delta
1766322161242,501953000669,501953000612,ask,88646.10,0,delta
1766322161259,501953000712,501953000669,bid,88633.20,1.827,delta
1766322161299,501953000737,501953000712,ask,88635.50,0.067,delta
1766322161299,501953000737,501953000712,ask,88637.60,0.002,delta
1766322161299,501953000737,501953000712,ask,88646.00,0,delta
1766322161339,501953000782,501953000737,ask,88633.30,0.985,delta
1766322161339,501953000782,501953000737,ask,88637.80,0,delta
1766322161339,501953000782,501953000737,ask,88646.00,0.004,delta
1766322161359,501953000826,501953000782,bid,88624.20,0.123,delta
1766322161359,501953000826,501953000782,ask,88633.30,0.928,delta
1766322161359,501953000826,501953000782,ask,88640.10,0,delta
1766322161359,501953000826,501953000782,ask,88640.20,0.005,delta
1766322161380,501953000843,501953000826,ask,88639.30,0,delta
1766322161380,501953000843,501953000826,ask,88639.80,0.005,delta
1766322161380,501953000843,501953000826,ask,88640.20,0,delta
1766322161380,501953000843,501953000826,ask,88640.50,0.205,delta
1766322161380,501953000843,501953000826,ask,88646.10,0.112,delta
1766322161399,501953000856,501953000843,ask,88633.30,0.861,delta
1766322161399,501953000856,501953000843,ask,88640.50,0.200,delta
1766322161399,501953000856,501953000843,ask,88640.70,0.007,delta
1766322161419,501953000880,501953000856,ask,88633.30,0.601,delta
1766322161419,501953000880,501953000856,ask,88640.70,0.002,delta
1766322161419,501953000880,501953000856,ask,88640.80,0.005,delta
1766322161419,501953000880,501953000856,ask,88646.10,0,delta
1766322161439,501953001059,501953000880,bid,88624.20,0.126,delta
1766322161439,501953001059,501953000880,ask,88633.30,0.256,delta
1766322161439,501953001059,501953000880,ask,88639.40,0.005,delta
1766322161439,501953001059,501953000880,ask,88639.70,0.038,delta
1766322161439,501953001059,501953000880,ask,88639.80,0,delta
1766322161439,501953001059,501953000880,ask,88640.10,0.005,delta
1766322161439,501953001059,501953000880,ask,88640.80,0,delta
1766322161439,501953001059,501953000880,ask,88642.20,0.237,delta
1766322161439,501953001059,501953000880,ask,88644.30,0.003,delta
1766322161439,501953001059,501953000880,ask,88645.70,0.081,delta
1766322161439,501953001059,501953000880,ask,88645.80,0,delta
1766322161439,501953001059,501953000880,ask,88646.00,0,delta
1766322161459,501953001155,501953001059,ask,88633.30,0.266,delta
1766322161499,501953001401,501953001155,ask,88633.30,0.276,delta
1766322161499,501953001401,501953001155,ask,88639.40,0,delta
1766322161499,501953001401,501953001155,ask,88639.80,0.005,delta
1766322161499,501953001401,501953001155,ask,88640.10,0,delta
1766322161499,501953001401,501953001155,ask,88640.80,0.005,delta
1766322161519,501953001507,501953001401,ask,88639.80,0,delta
1766322161519,501953001507,501953001401,ask,88640.40,0.005,delta
1766322161519,501953001507,501953001401,ask,88640.80,0,delta
1766322161519,501953001507,501953001401,ask,88641.00,0.006,delta
1766322161519,501953001507,501953001401,ask,88645.80,0.038,delta
1766322161559,501953001722,501953001507,ask,88641.00,0.001,delta
1766322161559,501953001722,501953001507,ask,88641.10,0.005,delta
1766322161559,501953001722,501953001507,ask,88645.80,0,delta
1766322161679,501953002369,501953001722,ask,88641.10,0,delta
1766322161679,501953002369,501953001722,ask,88641.20,0.005,delta
1766322161719,501953002577,501953002369,ask,88637.50,0,delta
1766322161719,501953002577,501953002369,ask,88645.80,0.038,delta
1766322161739,501953002667,501953002577,ask,88634.90,0.070,delta
1766322161759,501953002791,501953002667,bid,88622.80,0.010,delta
1766322161759,501953002791,501953002667,ask,88641.20,0,delta
1766322161759,501953002791,501953002667,ask,88641.30,0.005,delta
1766322161839,501953003208,501953002791,ask,88635.30,0.067,delta
1766322161839,501953003208,501953002791,ask,88645.80,0,delta
1766322161999,501953004053,501953003208,ask,88634.80,0,delta
1766322161999,501953004053,501953003208,ask,88645.80,0.038,delta
1766322162219,501953005178,501953004053,ask,88641.20,0.005,delta
1766322162219,501953005178,501953004053,ask,88641.30,0,delta
1766322162239,501953005316,501953005178,ask,88641.20,0,delta
1766322162239,501953005316,501953005178,ask,88641.30,0.005,delta
1766322162379,501953005991,501953005316,ask,88641.20,0.005,delta
1766322162379,501953005991,501953005316,ask,88641.30,0,delta
1766322162399,501953006134,501953005991,ask,88633.30,0.272,delta
1766322162399,501953006134,501953005991,ask,88642.20,0.333,delta
1766322162399,501953006134,501953005991,ask,88645.70,0.010,delta
1766322162439,501953006364,501953006134,bid,88633.20,1.861,delta
1766322162439,501953006364,501953006134,ask,88633.30,0.248,delta
1766322162439,501953006364,501953006134,ask,88635.30,0,delta
1766322162439,501953006364,501953006134,ask,88635.50,0,delta
1766322162439,501953006364,501953006134,ask,88635.70,0,delta
1766322162439,501953006364,501953006134,ask,88641.20,0,delta
1766322162439,501953006364,501953006134,ask,88641.30,0.005,delta
1766322162439,501953006364,501953006134,ask,88646.00,0.004,delta
1766322162439,501953006364,501953006134,ask,88646.10,0.112,delta
1766322162439,501953006364,501953006134,ask,88646.30,0.052,delta
1766322162459,501953006527,501953006364,bid,88623.60,0.007,delta
1766322162459,501953006527,501953006364,bid,88622.80,0.005,delta
1766322162459,501953006527,501953006364,ask,88633.30,0.238,delta
1766322162459,501953006527,501953006364,ask,88634.90,0.027,delta
1766322162459,501953006527,501953006364,ask,88640.40,0,delta
1766322162459,501953006527,501953006364,ask,88641.20,0.005,delta
1766322162459,501953006527,501953006364,ask,88641.30,0,delta
1766322162459,501953006527,501953006364,ask,88642.20,0.338,delta
1766322162459,501953006527,501953006364,ask,88646.00,0.023,delta
1766322162459,501953006527,501953006364,ask,88646.40,0.031,delta
1766322162479,501953006639,501953006527,bid,88625.50,0.173,delta
1766322162479,501953006639,501953006527,bid,88625.20,0.261,delta
1766322162479,501953006639,501953006527,bid,88622.60,0,delta
1766322162479,501953006639,501953006527,bid,88622.50,0,delta
1766322162499,501953006753,501953006639,bid,88626.10,0.007,delta
1766322162499,501953006753,501953006639,bid,88622.70,0,delta
1766322162519,501953006845,501953006753,bid,88633.20,1.973,delta
1766322162519,501953006845,501953006753,ask,88633.30,0.262,delta
1766322162519,501953006845,501953006753,ask,88642.20,0.333,delta
1766322162519,501953006845,501953006753,ask,88642.40,1.430,delta
1766322162599,501953007219,501953006845,ask,88642.10,0.006,delta
1766322162599,501953007219,501953006845,ask,88642.40,1.425,delta
1766322162659,501953007490,501953007219,ask,88642.00,1.105,delta
1766322162659,501953007490,501953007219,ask,88642.10,0.001,delta
1766322162719,501953007791,501953007490,bid,88623.60,0.002,delta
1766322162719,501953007791,501953007490,bid,88623.20,0.005,delta
1766322162719,501953007791,501953007490,bid,88622.80,0,delta
1766322162739,501953007891,501953007791,ask,88646.00,0.011,delta
1766322162759,501953007990,501953007891,bid,88630.20,0.001,delta
1766322162759,501953007990,501953007891,bid,88622.90,0,delta
1766322162759,501953007990,501953007891,ask,88641.90,2.177,delta
1766322162759,501953007990,501953007891,ask,88642.00,1.100,delta
1766322162779,501953008082,501953007990,bid,88631.60,0.068,delta
1766322162779,501953008082,501953007990,bid,88623.70,0.009,delta
1766322162779,501953008082,501953007990,bid,88623.20,0,delta
1766322162779,501953008082,501953007990,bid,88622.90,0.001,delta
1766322162779,501953008082,501953007990,ask,88638.30,0.067,delta
1766322162779,501953008082,501953007990,ask,88641.90,2.172,delta
1766322162779,501953008082,501953007990,ask,88642.20,0.338,delta
1766322162779,501953008082,501953007990,ask,88646.40,0,delta
1766322162819,501953008281,501953008082,ask,88642.10,0.006,delta
1766322162819,501953008281,501953008082,ask,88642.20,0.333,delta
1766322162839,501953008382,501953008281,ask,88646.00,0.004,delta
1766322162919,501953008715,501953008382,bid,88631.70,0.067,delta
1766322162919,501953008715,501953008382,bid,88623.70,0.004,delta
1766322162919,501953008715,501953008382,bid,88623.20,0.005,delta
1766322162919,501953008715,501953008382,bid,88623.00,0,delta
1766322162919,501953008715,501953008382,bid,88622.90,0,delta
1766322162919,501953008715,501953008382,ask,88637.60,0.069,delta
1766322162919,501953008715,501953008382,ask,88642.00,1.105,delta
1766322162919,501953008715,501953008382,ask,88642.10,0.001,delta
1766322162939,501953008829,501953008715,ask,88634.90,0.044,delta
1766322162959,501953008897,501953008829,ask,88641.80,0.005,delta
1766322162959,501953008897,501953008829,ask,88642.00,1.100,delta
1766322162959,501953008897,501953008829,ask,88646.30,0,delta
1766322162999,501953009125,501953008897,ask,88633.30,0.250,delta
1766322163019,501953009224,501953009125,ask,88633.30,0.264,delta
1766322163079,501953009529,501953009224,ask,88640.60,0.005,delta
1766322163079,501953009529,501953009224,ask,88641.20,0,delta
1766322163099,501953009610,501953009529,ask,88641.80,0,delta
1766322163099,501953009610,501953009529,ask,88641.90,2.177,delta
1766322163099,501953009610,501953009529,ask,88646.30,0.052,delta
1766322163159,501953009920,501953009610,ask,88635.60,0,delta
1766322163159,501953009920,501953009610,ask,88646.40,0.031,delta
1766322163279,501953010464,501953009920,ask,88641.80,0.005,delta
1766322163279,501953010464,501953009920,ask,88641.90,2.172,delta
1766322163279,501953010464,501953009920,ask,88646.40,0,delta
1766322163299,501953010572,501953010464,bid,88623.20,0,delta
1766322163299,501953010572,501953010464,bid,88623.00,0.002,delta
1766322163299,501953010572,501953010464,ask,88641.50,0.005,delta
1766322163299,501953010572,501953010464,ask,88641.80,0,delta
1766322163319,501953010663,501953010572,bid,88630.70,0.067,delta
1766322163319,501953010663,501953010572,bid,88623.00,0,delta
1766322163319,501953010663,501953010572,ask,88637.50,0.067,delta
1766322163319,501953010663,501953010572,ask,88646.30,0,delta
1766322163339,501953010771,501953010663,ask,88633.30,0.240,delta
1766322163339,501953010771,501953010663,ask,88634.90,0.062,delta
1766322163339,501953010771,501953010663,ask,88641.50,0,delta
1766322163339,501953010771,501953010663,ask,88641.60,0.005,delta
1766322163359,501953010851,501953010771,ask,88641.60,0,delta
1766322163359,501953010851,501953010771,ask,88641.70,0.005,delta
1766322163399,501953011085,501953010851,ask,88641.70,0,delta
1766322163399,501953011085,501953010851,ask,88641.80,0.005,delta
1766322163499,501953011591,501953011085,bid,88623.70,0.009,delta
1766322163499,501953011591,501953011085,ask,88640.60,0,delta
1766322163499,501953011591,501953011085,ask,88641.30,0.005,delta
1766322163499,501953011591,501953011085,ask,88641.80,0,delta
1766322163499,501953011591,501953011085,ask,88642.20,0.338,delta
1766322163499,501953011591,501953011085,ask,88646.30,0.052,delta
1766322163519,501953011700,501953011591,ask,88642.10,0.006,delta
1766322163519,501953011700,501953011591,ask,88642.20,0.333,delta
1766322163539,501953011816,501953011700,bid,88626.10,0.142,delta
1766322163559,501953011917,501953011816,bid,88625.50,0,delta
1766322163559,501953011917,501953011816,bid,88623.00,0.002,delta
1766322163579,501953012053,501953011917,bid,88625.70,0.281,delta
1766322163579,501953012053,501953011917,bid,88623.70,0.004,delta
1766322163579,501953012053,501953011917,bid,88623.20,0.005,delta
1766322163579,501953012053,501953011917,bid,88623.10,0,delta
1766322163579,501953012053,501953011917,bid,88623.00,0,delta
1766322163579,501953012053,501953011917,ask,88633.30,0.264,delta
1766322163579,501953012053,501953011917,ask,88640.80,0.005,delta
1766322163579,501953012053,501953011917,ask,88641.30,0,delta
1766322163579,501953012053,501953011917,ask,88641.90,2.177,delta
1766322163579,501953012053,501953011917,ask,88642.10,0.001,delta
1766322163579,501953012053,501953011917,ask,88642.20,0.078,delta
1766322163579,501953012053,501953011917,ask,88645.70,0.005,delta
1766322163599,501953012108,501953012053,bid,88623.20,0,delta
1766322163599,501953012108,501953012053,bid,88623.10,0.018,delta
1766322163659,501953013020,501953012108,bid,88637.50,1.417,delta
1766322163659,501953013020,501953012108,bid,88636.50,0.517,delta
1766322163659,501953013020,501953012108,bid,88636.30,0.412,delta
1766322163659,501953013020,501953012108,bid,88636.20,0.420,delta
1766322163659,501953013020,501953012108,bid,88636.00,0.517,delta
1766322163659,501953013020,501953012108,bid,88635.80,1.344,delta
1766322163659,501953013020,501953012108,bid,88635.70,1.931,delta
1766322163659,501953013020,501953012108,bid,88635.30,0.524,delta
1766322163659,501953013020,501953012108,bid,88635.10,1.337,delta
1766322163659,501953013020,501953012108,bid,88635.00,1.813,delta
1766322163659,501953013020,501953012108,bid,88634.30,0.001,delta
1766322163659,501953013020,501953012108,bid,88633.50,0.550,delta
1766322163659,501953013020,501953012108,bid,88633.30,1.069,delta
1766322163659,501953013020,501953012108,bid,88633.20,0.774,delta
1766322163659,501953013020,501953012108,bid,88632.90,0.001,delta
1766322163659,501953013020,501953012108,bid,88625.10,0,delta
1766322163659,501953013020,501953012108,bid,88624.90,0.003,delta
1766322163659,501953013020,501953012108,bid,88624.70,0,delta
1766322163659,501953013020,501953012108,bid,88624.40,0,delta
1766322163659,501953013020,501953012108,bid,88624.30,0,delta
1766322163659,501953013020,501953012108,bid,88624.20,0,delta
1766322163659,501953013020,501953012108,bid,88624.10,0,delta
1766322163659,501953013020,501953012108,bid,88624.00,0,delta
1766322163659,501953013020,501953012108,bid,88623.90,0,delta
1766322163659,501953013020,501953012108,bid,88623.80,0,delta
1766322163659,501953013020,501953012108,bid,88623.70,0,delta
1766322163659,501953013020,501953012108,bid,88623.60,0,delta
1766322163659,501953013020,501953012108,bid,88623.50,0,delta
1766322163659,501953013020,501953012108,bid,88623.40,0,delta
1766322163659,501953013020,501953012108,bid,88623.10,0,delta
1766322163659,501953013020,501953012108,ask,88633.30,0,delta
1766322163659,501953013020,501953012108,ask,88634.90,0,delta
1766322163659,501953013020,501953012108,ask,88635.00,0,delta
1766322163659,501953013020,501953012108,ask,88635.10,0,delta
1766322163659,501953013020,501953012108,ask,88635.40,0,delta
1766322163659,501953013020,501953012108,ask,88635.80,0,delta
1766322163659,501953013020,501953012108,ask,88637.50,0,delta
1766322163659,501953013020,501953012108,ask,88637.60,0.175,delta
1766322163659,501953013020,501953012108,ask,88641.90,2.172,delta
1766322163659,501953013020,501953012108,ask,88642.20,0.001,delta
1766322163659,501953013020,501953012108,ask,88642.30,0.023,delta
1766322163659,501953013020,501953012108,ask,88646.40,0.031,delta
1766322163659,501953013020,501953012108,ask,88646.50,0.271,delta
1766322163659,501953013020,501953012108,ask,88646.60,1.079,delta
1766322163659,501953013020,501953012108,ask,88646.70,2.172,delta
1766322163659,501953013020,501953012108,ask,88646.80,3.999,delta
1766322163659,501953013020,501953012108,ask,88646.90,0.074,delta
1766322163659,501953013020,501953012108,ask,88647.00,0.008,delta
1766322163679,501953013358,501953013020,bid,88637.50,1.409,delta
1766322163679,501953013358,501953013020,bid,88636.30,0.417,delta
1766322163679,501953013358,501953013020,bid,88636.20,0.937,delta
1766322163679,501953013358,501953013020,bid,88635.80,0.756,delta
1766322163679,501953013358,501953013020,bid,88635.70,1.273,delta
1766322163679,501953013358,501953013020,bid,88635.60,0.001,delta
1766322163679,501953013358,501953013020,bid,88635.10,0.749,delta
1766322163679,501953013358,501953013020,bid,88635.00,1.225,delta
1766322163679,501953013358,501953013020,bid,88634.80,0.224,delta
1766322163679,501953013358,501953013020,bid,88633.30,0.581,delta
1766322163679,501953013358,501953013020,bid,88633.20,0.602,delta
1766322163679,501953013358,501953013020,bid,88630.40,0.287,delta
1766322163679,501953013358,501953013020,bid,88628.40,0.011,delta
1766322163679,501953013358,501953013020,bid,88626.10,0,delta
1766322163679,501953013358,501953013020,bid,88625.80,0.005,delta
1766322163679,501953013358,501953013020,bid,88624.80,0,delta
1766322163679,501953013358,501953013020,bid,88624.60,0,delta
1766322163679,501953013358,501953013020,bid,88624.50,0,delta
1766322163679,501953013358,501953013020,ask,88637.60,0.164,delta
1766322163679,501953013358,501953013020,ask,88639.70,0,delta
1766322163679,501953013358,501953013020,ask,88640.80,0,delta
1766322163679,501953013358,501953013020,ask,88642.00,1.019,delta
1766322163679,501953013358,501953013020,ask,88642.30,0.018,delta
1766322163679,501953013358,501953013020,ask,88643.50,0.034,delta
1766322163679,501953013358,501953013020,ask,88644.30,0.008,delta
1766322163679,501953013358,501953013020,ask,88644.50,0.053,delta
1766322163679,501953013358,501953013020,ask,88645.60,0.039,delta
1766322163679,501953013358,501953013020,ask,88646.60,1.056,delta
1766322163679,501953013358,501953013020,ask,88647.10,0.004,delta
1766322163679,501953013358,501953013020,ask,88647.30,0.032,delta
1766322163699,501953013587,501953013358,bid,88637.50,1.858,delta
1766322163699,501953013587,501953013358,bid,88635.60,0.002,delta
1766322163699,501953013587,501953013358,bid,88634.80,0,delta
1766322163699,501953013587,501953013358,bid,88633.30,0.481,delta
1766322163699,501953013587,501953013358,bid,88633.20,0.378,delta
1766322163699,501953013587,501953013358,bid,88631.70,0,delta
1766322163699,501953013587,501953013358,bid,88631.60,0.001,delta
1766322163699,501953013587,501953013358,bid,88630.70,0,delta
1766322163699,501953013587,501953013358,bid,88624.80,0.007,delta
1766322163699,501953013587,501953013358,bid,88624.60,0.018,delta
1766322163699,501953013587,501953013358,bid,88624.50,0.017,delta
1766322163699,501953013587,501953013358,ask,88637.60,0.114,delta
1766322163699,501953013587,501953013358,ask,88638.30,0,delta
1766322163699,501953013587,501953013358,ask,88638.50,0,delta
1766322163699,501953013587,501953013358,ask,88640.40,0.067,delta
1766322163699,501953013587,501953013358,ask,88644.30,0.003,delta
1766322163699,501953013587,501953013358,ask,88644.40,0.035,delta
1766322163699,501953013587,501953013358,ask,88646.60,1.037,delta
1766322163699,501953013587,501953013358,ask,88647.40,0.008,delta
1766322163719,501953013752,501953013587,bid,88636.30,0.005,delta
1766322163719,501953013752,501953013587,bid,88636.20,0.518,delta
1766322163719,501953013752,501953013587,bid,88635.80,0,delta
1766322163719,501953013752,501953013587,bid,88635.70,0.517,delta
1766322163719,501953013752,501953013587,bid,88635.10,0.005,delta
1766322163719,501953013752,501953013587,bid,88635.00,0.597,delta
1766322163719,501953013752,501953013587,bid,88633.30,0.085,delta
1766322163719,501953013752,501953013587,bid,88624.40,0.052,delta
1766322163719,501953013752,501953013587,ask,88637.60,0.122,delta
1766322163719,501953013752,501953013587,ask,88644.40,0.030,delta
1766322163719,501953013752,501953013587,ask,88644.60,0.009,delta
1766322163719,501953013752,501953013587,ask,88645.60,0.016,delta
1766322163739,501953013926,501953013752,bid,88635.00,0.701,delta
1766322163739,501953013926,501953013752,bid,88633.20,0.380,delta
1766322163739,501953013926,501953013752,bid,88628.70,0.002,delta
1766322163739,501953013926,501953013752,bid,88626.50,0.005,delta
1766322163739,501953013926,501953013752,bid,88625.80,0,delta
1766322163739,501953013926,501953013752,bid,88625.60,0.008,delta
1766322163739,501953013926,501953013752,bid,88624.40,0,delta
1766322163739,501953013926,501953013752,ask,88637.60,0.235,delta
1766322163739,501953013926,501953013752,ask,88643.50,0.029,delta
1766322163739,501953013926,501953013752,ask,88644.30,0.008,delta
1766322163739,501953013926,501953013752,ask,88644.60,0.004,delta
1766322163739,501953013926,501953013752,ask,88645.40,0.520,delta
1766322163759,501953014011,501953013926,bid,88633.20,0.378,delta
1766322163759,501953014011,501953013926,bid,88631.40,0.002,delta
1766322163759,501953014011,501953013926,bid,88624.50,0,delta
1766322163759,501953014011,501953013926,ask,88645.00,0.012,delta
1766322163759,501953014011,501953013926,ask,88645.40,0.515,delta
1766322163759,501953014011,501953013926,ask,88646.30,0.071,delta
1766322163779,501953014113,501953014011,bid,88633.20,0.377,delta
1766322163799,501953014225,501953014113,bid,88631.40,0,delta
1766322163799,501953014225,501953014113,bid,88626.50,0,delta
1766322163799,501953014225,501953014113,bid,88626.00,0.005,delta
1766322163799,501953014225,501953014113,bid,88624.50,0.017,delta
1766322163799,501953014225,501953014113,ask,88637.60,0.252,delta
1766322163799,501953014225,501953014113,ask,88645.60,0.039,delta
1766322163819,501953014336,501953014225,ask,88643.40,0.005,delta
1766322163819,501953014336,501953014225,ask,88644.30,0.003,delta
1766322163819,501953014336,501953014225,ask,88644.50,0.058,delta
1766322163819,501953014336,501953014225,ask,88645.00,0.007,delta
1766322163819,501953014336,501953014225,ask,88647.40,0,delta
1766322163839,501953014434,501953014336,bid,88626.00,0,delta
1766322163839,501953014434,501953014336,bid,88625.50,0.005,delta
1766322163839,501953014434,501953014336,ask,88642.80,0.005,delta
1766322163839,501953014434,501953014336,ask,88643.40,0,delta
1766322163839,501953014434,501953014336,ask,88644.00,0.062,delta
1766322163839,501953014434,501953014336,ask,88644.50,0.053,delta
1766322163879,501953014604,501953014434,bid,88631.20,0.003,delta
1766322163879,501953014604,501953014434,bid,88624.50,0,delta
1766322163879,501953014604,501953014434,ask,88639.50,0,delta
1766322163879,501953014604,501953014434,ask,88646.80,2.771,delta
1766322163879,501953014604,501953014434,ask,88647.40,0.008,delta
1766322163919,501953014766,501953014604,ask,88640.90,0.068,delta
1766322163919,501953014766,501953014604,ask,88643.70,0.005,delta
1766322163919,501953014766,501953014604,ask,88644.00,0.057,delta
1766322163919,501953014766,501953014604,ask,88647.40,0,delta
1766322163939,501953014874,501953014766,bid,88625.50,0,delta
1766322163939,501953014874,501953014766,bid,88625.00,0.005,delta
1766322163939,501953014874,501953014766,ask,88643.70,0,delta
1766322163939,501953014874,501953014766,ask,88643.80,0.005,delta
1766322163939,501953014874,501953014766,ask,88646.30,0.052,delta
1766322164019,501953015197,501953014874,bid,88633.30,0.070,delta
1766322164019,501953015197,501953014874,ask,88637.60,0.253,delta
1766322164019,501953015197,501953014874,ask,88643.70,0.005,delta
1766322164019,501953015197,501953014874,ask,88643.80,0,delta
1766322164039,501953015284,501953015197,ask,88646.60,1.056,delta
1766322164059,501953015338,501953015284,ask,88646.50,0.349,delta
1766322164079,501953015404,501953015338,bid,88628.00,0.002,delta
1766322164079,501953015404,501953015338,bid,88624.60,0,delta
1766322164179,501953015762,501953015404,bid,88637.50,1.870,delta
1766322164199,501953015829,501953015762,bid,88633.50,0.545,delta
1766322164199,501953015829,501953015762,bid,88633.30,0.050,delta
1766322164219,501953015951,501953015829,bid,88627.30,0,delta
1766322164219,501953015951,501953015829,bid,88624.60,0.018,delta
1766322164219,501953015951,501953015829,ask,88637.60,0.250,delta
1766322164259,501953016081,501953015951,ask,88643.60,0.014,delta
1766322164259,501953016081,501953015951,ask,88643.70,0,delta
1766322164259,501953016081,501953015951,ask,88647.40,0.008,delta
1766322164319,501953016274,501953016081,bid,88635.60,0.001,delta
1766322164319,501953016274,501953016081,ask,88643.50,0.034,delta
1766322164319,501953016274,501953016081,ask,88643.60,0.009,delta
1766322164339,501953016335,501953016274,ask,88646.60,1.044,delta
1766322164399,501953016599,501953016335,bid,88637.50,1.904,delta
1766322164399,501953016599,501953016335,bid,88633.20,0.343,delta
1766322164399,501953016599,501953016335,bid,88627.20,0.003,delta
1766322164399,501953016599,501953016335,ask,88637.60,0.132,delta
1766322164399,501953016599,501953016335,ask,88646.50,0.276,delta
1766322164419,501953016694,501953016599,ask,88643.50,0.029,delta
1766322164419,501953016694,501953016599,ask,88643.70,0.005,delta
1766322164419,501953016694,501953016599,ask,88647.40,0,delta
1766322164439,501953016781,501953016694,ask,88637.60,0.244,delta
1766322164439,501953016781,501953016694,ask,88640.80,0.067,delta
1766322164439,501953016781,501953016694,ask,88645.60,0.016,delta
1766322164439,501953016781,501953016694,ask,88647.30,0,delta
1766322164459,501953016846,501953016781,ask,88637.60,0.245,delta
1766322164459,501953016846,501953016781,ask,88643.50,0.034,delta
1766322164459,501953016846,501953016781,ask,88643.70,0,delta
1766322164459,501953016846,501953016781,ask,88647.30,0.032,delta
1766322164479,501953016945,501953016846,bid,88636.50,0,delta
1766322164479,501953016945,501953016846,bid,88636.20,0.001,delta
1766322164479,501953016945,501953016846,bid,88636.00,0,delta
1766322164479,501953016945,501953016846,bid,88635.70,0,delta
1766322164479,501953016945,501953016846,bid,88635.30,0.007,delta
1766322164479,501953016945,501953016846,bid,88635.00,0.184,delta
1766322164479,501953016945,501953016846,bid,88633.50,0.028,delta
1766322164479,501953016945,501953016846,bid,88624.50,0.017,delta
1766322164479,501953016945,501953016846,bid,88624.40,0.052,delta
1766322164479,501953016945,501953016846,bid,88624.30,0.057,delta
1766322164479,501953016945,501953016846,ask,88637.60,0.246,delta
1766322164479,501953016945,501953016846,ask,88643.50,0.029,delta
1766322164479,501953016945,501953016846,ask,88643.70,0.005,delta
1766322164479,501953016945,501953016846,ask,88646.60,1.056,delta
1766322164479,501953016945,501953016846,ask,88647.30,0,delta
1766322164499,501953016998,501953016945,bid,88633.20,0.223,delta
1766322164499,501953016998,501953016945,ask,88637.60,0.257,delta
1766322164499,501953016998,501953016945,ask,88642.10,0.104,delta
1766322164519,501953017024,501953016998,ask,88646.50,0.283,delta
1766322164539,501953017055,501953017024,bid,88635.60,0,delta
1766322164539,501953017055,501953017024,bid,88624.20,0.123,delta
1766322164539,501953017055,501953017024,ask,88646.60,1.049,delta
1766322164559,501953017112,501953017055,bid,88625.50,0.005,delta
1766322164559,501953017112,501953017055,bid,88625.00,0,delta
1766322164559,501953017112,501953017055,ask,88637.60,0.338,delta
1766322164559,501953017112,501953017055,ask,88643.70,0,delta
1766322164559,501953017112,501953017055,ask,88643.80,0.005,delta
1766322164579,501953017142,501953017112,bid,88637.50,1.870,delta
1766322164579,501953017142,501953017112,ask,88646.50,0.290,delta
1766322164579,501953017142,501953017112,ask,88646.60,1.037,delta
1766322164599,501953017186,501953017142,bid,88635.90,0.002,delta
1766322164599,501953017186,501953017142,bid,88625.50,0,delta
1766322164599,501953017186,501953017142,ask,88641.30,0.005,delta
1766322164599,501953017186,501953017142,ask,88642.10,0.109,delta
1766322164599,501953017186,501953017142,ask,88642.80,0,delta
1766322164599,501953017186,501953017142,ask,88643.80,0,delta
1766322164599,501953017186,501953017142,ask,88647.30,0.032,delta
1766322164619,501953017232,501953017186,ask,88642.10,0.104,delta
1766322164619,501953017232,501953017186,ask,88642.40,1.430,delta
1766322164639,501953017270,501953017232,ask,88641.30,0,delta
1766322164639,501953017270,501953017232,ask,88641.80,0.005,delta
1766322164639,501953017270,501953017232,ask,88642.40,1.425,delta
1766322164639,501953017270,501953017232,ask,88642.50,0.005,delta
1766322164639,501953017270,501953017232,ask,88647.30,0,delta
1766322164660,501953017299,501953017270,bid,88624.20,0.128,delta
1766322164660,501953017299,501953017270,ask,88642.50,0,delta
1766322164660,501953017299,501953017270,ask,88642.70,0.005,delta
1766322164679,501953017325,501953017299,ask,88642.70,0,delta
1766322164679,501953017325,501953017299,ask,88642.90,0.007,delta
1766322164679,501953017325,501953017299,ask,88647.30,0.032,delta
1766322164699,501953017351,501953017325,ask,88646.50,0.295,delta
1766322164719,501953017390,501953017351,ask,88642.90,0.002,delta
1766322164719,501953017390,501953017351,ask,88643.10,0.006,delta
1766322164739,501953017423,501953017390,bid,88624.70,0.005,delta
1766322164739,501953017423,501953017390,bid,88624.20,0,delta
1766322164739,501953017423,501953017390,ask,88641.80,0,delta
1766322164739,501953017423,501953017390,ask,88642.10,0.109,delta
1766322164739,501953017423,501953017390,ask,88643.10,0.001,delta
1766322164739,501953017423,501953017390,ask,88643.20,0.005,delta
1766322164759,501953017451,501953017423,ask,88643.20,0,delta
1766322164759,501953017451,501953017423,ask,88643.30,0.005,delta
1766322164779,501953017464,501953017451,ask,88646.50,0.288,delta
1766322164819,501953017582,501953017464,ask,88637.60,0.222,delta
1766322164819,501953017582,501953017464,ask,88642.10,0.104,delta
1766322164819,501953017582,501953017464,ask,88642.50,0.005,delta
1766322164819,501953017582,501953017464,ask,88643.30,0,delta
1766322164819,501953017582,501953017464,ask,88643.60,0.014,delta
1766322164839,501953017611,501953017582,ask,88646.50,0.281,delta
1766322164879,501953017656,501953017611,ask,88637.60,0.232,delta
1766322164879,501953017656,501953017611,ask,88643.60,0.009,delta
1766322164879,501953017656,501953017611,ask,88643.70,0.005,delta
1766322164879,501953017656,501953017611,ask,88647.30,0,delta
1766322164900,501953017677,501953017656,ask,88646.50,0.295,delta
1766322164919,501953017707,501953017677,bid,88633.40,0.067,delta
1766322164919,501953017707,501953017677,bid,88624.30,0,delta
1766322164919,501953017707,501953017677,ask,88638.30,0.067,delta
1766322164919,501953017707,501953017677,ask,88647.10,0,delta
1766322164979,501953017801,501953017707,ask,88646.50,0.290,delta
1766322164999,501953017832,501953017801,ask,88643.60,0.014,delta
1766322164999,501953017832,501953017801,ask,88643.70,0,delta
1766322164999,501953017832,501953017801,ask,88647.10,0.004,delta
1766322165059,501953017917,501953017832,bid,88630.00,0.050,delta
1766322165059,501953017917,501953017832,bid,88624.40,0,delta
1766322165059,501953017917,501953017832,ask,88643.30,0.005,delta
1766322165059,501953017917,501953017832,ask,88643.60,0.009,delta
1766322165059,501953017917,501953017832,ask,88647.10,0,delta
1766322165079,501953017942,501953017917,bid,88633.60,0.067,delta
1766322165079,501953017942,501953017917,bid,88624.50,0,delta
1766322165079,501953017942,501953017917,ask,88640.60,0.067,delta
1766322165079,501953017942,501953017917,ask,88640.90,0.001,delta
1766322165079,501953017942,501953017917,ask,88643.30,0,delta
1766322165079,501953017942,501953017917,ask,88643.40,0.005,delta
1766322165079,501953017942,501953017917,ask,88647.00,0,delta
1766322165099,501953017979,501953017942,ask,88637.60,0.223,delta
1766322165119,501953018048,501953017979,ask,88643.40,0,delta
1766322165119,501953018048,501953017979,ask,88643.50,0.034,delta
1766322165119,501953018048,501953017979,ask,88647.00,0.008,delta
1766322165179,501953018168,501953018048,ask,88646.50,0.276,delta
1766322165199,501953018235,501953018168,ask,88646.50,0.295,delta
1766322165259,501953018465,501953018235,bid,88637.50,1.812,delta
1766322165259,501953018465,501953018235,bid,88635.00,0.104,delta
1766322165259,501953018465,501953018235,bid,88633.20,0.143,delta
1766322165259,501953018465,501953018235,bid,88624.70,0,delta
1766322165259,501953018465,501953018235,bid,88624.50,0.017,delta
1766322165259,501953018465,501953018235,ask,88637.60,6.724,delta
1766322165259,501953018465,501953018235,ask,88639.80,0.005,delta
1766322165259,501953018465,501953018235,ask,88642.50,0,delta
1766322165279,501953018508,501953018465,bid,88637.50,1.700,delta
1766322165279,501953018508,501953018465,ask,88638.50,0.001,delta
1766322165279,501953018508,501953018465,ask,88640.90,0.006,delta
1766322165279,501953018508,501953018465,ask,88643.50,0.029,delta
1766322165279,501953018508,501953018465,ask,88646.60,1.262,delta
1766322165279,501953018508,501953018465,ask,88647.00,0,delta
1766322165299,501953018565,501953018508,bid,88637.50,1.492,delta
1766322165299,501953018565,501953018508,bid,88633.60,0,delta
1766322165299,501953018565,501953018508,bid,88633.40,0,delta
1766322165299,501953018565,501953018508,bid,88624.40,0.052,delta
1766322165299,501953018565,501953018508,bid,88624.30,0.057,delta
1766322165299,501953018565,501953018508,ask,88637.60,6.762,delta
1766322165299,501953018565,501953018508,ask,88639.80,0,delta
1766322165299,501953018565,501953018508,ask,88640.30,0.005,delta
1766322165299,501953018565,501953018508,ask,88640.90,0.001,delta
1766322165299,501953018565,501953018508,ask,88641.10,0.005,delta
1766322165299,501953018565,501953018508,ask,88644.50,0.015,delta
1766322165299,501953018565,501953018508,ask,88646.60,1.037,delta
1766322165299,501953018565,501953018508,ask,88646.90,0,delta
1766322165319,501953018616,501953018565,ask,88640.20,0.005,delta
1766322165319,501953018616,501953018565,ask,88640.30,0,delta
1766322165319,501953018616,501953018565,ask,88641.10,0,delta
1766322165319,501953018616,501953018565,ask,88641.20,0.005,delta
1766322165319,501953018616,501953018565,ask,88642.20,0,delta
1766322165319,501953018616,501953018565,ask,88646.90,0.074,delta
1766322165339,501953018679,501953018616,ask,88638.30,0.068,delta
1766322165339,501953018679,501953018616,ask,88641.20,0,delta
1766322165339,501953018679,501953018616,ask,88641.40,0.006,delta
1766322165339,501953018679,501953018616,ask,88642.10,0.105,delta
1766322165339,501953018679,501953018616,ask,88646.60,1.044,delta
1766322165339,501953018679,501953018616,ask,88646.90,0.073,delta
1766322165339,501953018679,501953018616,ask,88647.00,0.008,delta
1766322165359,501953018706,501953018679,bid,88637.50,0.906,delta
1766322165359,501953018706,501953018679,bid,88625.20,0.169,delta
1766322165379,501953018839,501953018706,bid,88630.40,0.280,delta
1766322165379,501953018839,501953018706,bid,88625.20,0.075,delta
1766322165379,501953018839,501953018706,ask,88637.60,6.763,delta
1766322165399,501953019018,501953018839,bid,88625.70,0.196,delta
1766322165399,501953019018,501953018839,ask,88637.60,6.845,delta
1766322165419,501953019187,501953019018,ask,88641.40,0.001,delta
1766322165419,501953019187,501953019018,ask,88641.50,0.005,delta
1766322165419,501953019187,501953019018,ask,88647.00,0,delta
1766322165439,501953019357,501953019187,bid,88637.50,0.389,delta
1766322165439,501953019357,501953019187,ask,88640.20,0,delta
1766322165439,501953019357,501953019187,ask,88640.50,0.205,delta
1766322165439,501953019357,501953019187,ask,88641.50,0,delta
1766322165439,501953019357,501953019187,ask,88641.70,0.005,delta
1766322165439,501953019357,501953019187,ask,88646.50,0.276,delta
1766322165439,501953019357,501953019187,ask,88647.00,0.008,delta
1766322165459,501953019544,501953019357,bid,88625.20,0,delta
1766322165459,501953019544,501953019357,bid,88624.20,0.021,delta
1766322165499,501953019891,501953019544,ask,88641.70,0,delta
1766322165499,501953019891,501953019544,ask,88641.90,2.177,delta
1766322165499,501953019891,501953019544,ask,88647.10,0.004,delta
1766322165519,501953020172,501953019891,ask,88640.50,0.200,delta
1766322165519,501953020172,501953019891,ask,88641.30,0.005,delta
1766322165519,501953020172,501953019891,ask,88641.90,2.172,delta
1766322165519,501953020172,501953019891,ask,88642.20,0.005,delta
1766322165519,501953020172,501953019891,ask,88646.60,1.056,delta
1766322165519,501953020172,501953019891,ask,88647.00,0,delta
1766322165519,501953020172,501953019891,ask,88647.10,0,delta
1766322165539,501953020318,501953020172,ask,88642.20,0,delta
1766322165539,501953020318,501953020172,ask,88642.30,0.023,delta
1766322165539,501953020318,501953020172,ask,88647.00,0.008,delta
1766322165559,501953020566,501953020318,bid,88637.50,0.352,delta
1766322165559,501953020566,501953020318,bid,88635.00,0,delta
1766322165559,501953020566,501953020318,bid,88624.10,0.073,delta
1766322165579,501953020900,501953020566,bid,88637.50,0.240,delta
1766322165579,501953020900,501953020566,bid,88632.90,0,delta
1766322165579,501953020900,501953020566,bid,88624.00,0.029,delta
1766322165579,501953020900,501953020566,ask,88640.30,0.005,delta
1766322165579,501953020900,501953020566,ask,88641.30,0,delta
1766322165579,501953020900,501953020566,ask,88641.40,0.006,delta
1766322165579,501953020900,501953020566,ask,88642.30,0.018,delta
1766322165599,501953021095,501953020900,ask,88637.60,6.901,delta
1766322165619,501953021261,501953021095,ask,88641.30,0.005,delta
1766322165619,501953021261,501953021095,ask,88641.40,0.001,delta
1766322165619,501953021261,501953021095,ask,88647.00,0,delta
1766322165639,501953021512,501953021261,ask,88639.80,0.005,delta
1766322165639,501953021512,501953021261,ask,88640.30,0,delta
1766322165639,501953021512,501953021261,ask,88641.00,0.006,delta
1766322165639,501953021512,501953021261,ask,88641.30,0,delta
1766322165639,501953021512,501953021261,ask,88647.00,0.008,delta
1766322165699,501953022006,501953021512,ask,88640.00,0.006,delta
1766322165699,501953022006,501953021512,ask,88641.00,0.001,delta
1766322165719,501953022161,501953022006,ask,88640.00,0.001,delta
1766322165719,501953022161,501953022006,ask,88640.10,0.005,delta
1766322165719,501953022161,501953022006,ask,88646.00,0.229,delta
1766322165719,501953022161,501953022006,ask,88647.00,0,delta
1766322165739,501953022393,501953022161,ask,88640.10,0,delta
1766322165739,501953022393,501953022161,ask,88640.30,0.005,delta
1766322165739,501953022393,501953022161,ask,88646.00,0.004,delta
1766322165739,501953022393,501953022161,ask,88646.50,0.501,delta
1766322165759,501953022509,501953022393,ask,88640.30,0,delta
1766322165759,501953022509,501953022393,ask,88641.00,0.006,delta
1766322165759,501953022509,501953022393,ask,88646.50,0.276,delta
1766322165759,501953022509,501953022393,ask,88647.00,0.008,delta
1766322165779,501953022691,501953022509,ask,88646.60,1.051,delta
1766322165799,501953022786,501953022691,ask,88646.60,1.056,delta
1766322165819,501953022931,501953022786,ask,88646.90,0.298,delta
1766322165839,501953023075,501953022931,ask,88646.80,3.845,delta
1766322165859,501953023214,501953023075,ask,88646.60,1.049,delta
1766322165899,501953023445,501953023214,ask,88640.60,0,delta
1766322165899,501953023445,501953023214,ask,88640.80,0,delta
1766322165899,501953023445,501953023214,ask,88647.10,0.004,delta
1766322165899,501953023445,501953023214,ask,88647.30,0.032,delta
1766322165919,501953023599,501953023445,ask,88641.00,0.001,delta
1766322165919,501953023599,501953023445,ask,88641.10,0.005,delta
1766322165919,501953023599,501953023445,ask,88646.60,1.056,delta
1766322165919,501953023599,501953023445,ask,88646.90,0.073,delta
1766322165919,501953023599,501953023445,ask,88647.00,0.233,delta
1766322165919,501953023599,501953023445,ask,88647.30,0,delta
1766322165999,501953024100,501953023599,bid,88637.50,0.869,delta
1766322165999,501953024100,501953023599,bid,88631.30,0.104,delta
1766322165999,501953024100,501953023599,bid,88624.00,0,delta
1766322166019,501953024257,501953024100,bid,88637.50,0.877,delta
1766322166019,501953024257,501953024100,ask,88639.80,0,delta
1766322166019,501953024257,501953024100,ask,88640.40,0.072,delta
1766322166019,501953024257,501953024100,ask,88641.10,0,delta
1766322166019,501953024257,501953024100,ask,88641.50,0.005,delta
1766322166019,501953024257,501953024100,ask,88646.60,1.049,delta
1766322166019,501953024257,501953024100,ask,88647.00,0.008,delta
1766322166019,501953024257,501953024100,ask,88647.30,0.257,delta
1766322166059,501953024461,501953024257,bid,88624.20,0.115,delta
1766322166059,501953024461,501953024257,ask,88641.40,0.006,delta
1766322166059,501953024461,501953024257,ask,88641.50,0,delta
1766322166059,501953024461,501953024257,ask,88647.40,0.854,delta
1766322166079,501953024572,501953024461,ask,88637.60,6.902,delta
1766322166079,501953024572,501953024461,ask,88642.20,0.001,delta
1766322166079,501953024572,501953024461,ask,88646.60,1.056,delta
1766322166079,501953024572,501953024461,ask,88647.40,0,delta
1766322166099,501953024681,501953024572,bid,88637.50,0.869,delta
1766322166119,501953024790,501953024681,ask,88647.30,0.032,delta
1766322166159,501953025030,501953024790,ask,88641.30,0.005,delta
1766322166159,501953025030,501953024790,ask,88641.40,0.001,delta
1766322166159,501953025030,501953024790,ask,88647.30,0,delta
1766322166179,501953025156,501953025030,bid,88637.50,0.757,delta
1766322166179,501953025156,501953025030,bid,88630.60,0,delta
1766322166179,501953025156,501953025030,bid,88624.00,0.132,delta
1766322166179,501953025156,501953025030,ask,88639.80,0.005,delta
1766322166179,501953025156,501953025030,ask,88640.40,0.067,delta
1766322166179,501953025156,501953025030,ask,88640.70,0.007,delta
1766322166179,501953025156,501953025030,ask,88641.30,0,delta
1766322166179,501953025156,501953025030,ask,88646.60,1.274,delta
1766322166199,501953025322,501953025156,ask,88640.70,0.002,delta
1766322166199,501953025322,501953025156,ask,88640.80,0.005,delta
1766322166199,501953025322,501953025156,ask,88647.10,0,delta
1766322166219,501953025405,501953025322,ask,88646.60,1.056,delta
1766322166219,501953025405,501953025322,ask,88646.70,2.397,delta
1766322166239,501953025589,501953025405,bid,88637.50,0.240,delta
1766322166239,501953025589,501953025405,ask,88640.80,0,delta
1766322166239,501953025589,501953025405,ask,88647.10,0.004,delta
1766322166259,501953025727,501953025589,ask,88640.70,0.007,delta
1766322166319,501953026114,501953025727,ask,88640.70,0.002,delta
1766322166319,501953026114,501953025727,ask,88640.80,0.005,delta
1766322166319,501953026114,501953025727,ask,88647.00,0.488,delta
1766322166319,501953026114,501953025727,ask,88647.10,0,delta
1766322166339,501953026278,501953026114,ask,88646.60,1.044,delta
1766322166359,501953026388,501953026278,ask,88646.60,1.056,delta
1766322166379,501953026553,501953026388,ask,88640.80,0,delta
1766322166379,501953026553,501953026388,ask,88641.00,0.006,delta
1766322166379,501953026553,501953026388,ask,88646.70,2.172,delta
1766322166379,501953026553,501953026388,ask,88646.90,0.298,delta
1766322166379,501953026553,501953026388,ask,88647.10,0.004,delta
1766322166399,501953026740,501953026553,ask,88637.60,6.903,delta
1766322166419,501953026967,501953026740,ask,88641.00,0.001,delta
1766322166419,501953026967,501953026740,ask,88641.10,0.005,delta
1766322166419,501953026967,501953026740,ask,88646.90,0.073,delta
1766322166419,501953026967,501953026740,ask,88647.00,0.713,delta
1766322166419,501953026967,501953026740,ask,88647.10,0,delta
1766322166439,501953027216,501953026967,bid,88630.20,0,delta
1766322166439,501953027216,501953026967,bid,88625.70,0,delta
1766322166439,501953027216,501953026967,bid,88624.00,0.029,delta
1766322166439,501953027216,501953026967,bid,88623.90,0.009,delta
1766322166439,501953027216,501953026967,bid,88623.80,0.004,delta
1766322166439,501953027216,501953026967,ask,88637.60,6.964,delta
1766322166439,501953027216,501953026967,ask,88647.00,0.488,delta
1766322166459,501953027543,501953027216,bid,88628.70,0,delta
1766322166459,501953027543,501953027216,bid,88623.70,0.004,delta
1766322166459,501953027543,501953027216,ask,88637.60,6.969,delta
1766322166459,501953027543,501953027216,ask,88638.60,0.005,delta
1766322166459,501953027543,501953027216,ask,88639.80,0,delta
1766322166459,501953027543,501953027216,ask,88641.10,0,delta
1766322166459,501953027543,501953027216,ask,88644.20,0.226,delta
1766322166459,501953027543,501953027216,ask,88644.70,0.135,delta
1766322166459,501953027543,501953027216,ask,88646.00,0.009,delta
1766322166459,501953027543,501953027216,ask,88646.60,1.902,delta
1766322166479,501953027764,501953027543,bid,88631.30,0,delta
1766322166479,501953027764,501953027543,bid,88624.20,0.021,delta
1766322166479,501953027764,501953027543,bid,88623.60,0.002,delta
1766322166479,501953027764,501953027543,ask,88637.60,6.964,delta
1766322166479,501953027764,501953027543,ask,88638.20,0.005,delta
1766322166479,501953027764,501953027543,ask,88638.60,0,delta
1766322166479,501953027764,501953027543,ask,88638.80,0.005,delta
1766322166479,501953027764,501953027543,ask,88644.20,0.001,delta
1766322166479,501953027764,501953027543,ask,88644.70,0.153,delta
1766322166479,501953027764,501953027543,ask,88644.90,0.225,delta
1766322166479,501953027764,501953027543,ask,88646.00,0.004,delta
1766322166479,501953027764,501953027543,ask,88646.40,0.036,delta
1766322166479,501953027764,501953027543,ask,88646.60,1.895,delta
1766322166479,501953027764,501953027543,ask,88646.90,0,delta
1766322166479,501953027764,501953027543,ask,88647.00,0,delta
1766322166499,501953028739,501953027764,bid,88637.50,0,delta
1766322166499,501953028739,501953027764,bid,88636.30,0,delta
1766322166499,501953028739,501953027764,bid,88636.20,0,delta
1766322166499,501953028739,501953027764,bid,88635.90,0,delta
1766322166499,501953028739,501953027764,bid,88635.30,0,delta
1766322166499,501953028739,501953027764,bid,88635.10,0,delta
1766322166499,501953028739,501953027764,bid,88633.50,0.007,delta
1766322166499,501953028739,501953027764,bid,88633.30,0.010,delta
1766322166499,501953028739,501953027764,bid,88629.10,0.018,delta
1766322166499,501953028739,501953027764,bid,88628.90,0.008,delta
1766322166499,501953028739,501953027764,bid,88628.80,0.021,delta
1766322166499,501953028739,501953027764,bid,88628.70,0.014,delta
1766322166499,501953028739,501953027764,bid,88628.50,0.003,delta
1766322166499,501953028739,501953027764,bid,88627.30,0.003,delta
1766322166499,501953028739,501953027764,bid,88625.10,0.003,delta
1766322166499,501953028739,501953027764,bid,88624.60,0,delta
1766322166499,501953028739,501953027764,bid,88624.40,0.046,delta
1766322166499,501953028739,501953027764,bid,88624.30,0.036,delta
1766322166499,501953028739,501953027764,bid,88624.20,0.016,delta
1766322166499,501953028739,501953027764,bid,88624.10,0.082,delta
1766322166499,501953028739,501953027764,bid,88624.00,0.038,delta
1766322166499,501953028739,501953027764,bid,88623.90,0.024,delta
1766322166499,501953028739,501953027764,bid,88623.80,0.013,delta
1766322166499,501953028739,501953027764,bid,88623.70,0.016,delta
1766322166499,501953028739,501953027764,bid,88623.10,0.015,delta
1766322166499,501953028739,501953027764,ask,88634.40,0.984,delta
1766322166499,501953028739,501953027764,ask,88635.20,0.921,delta
1766322166499,501953028739,501953027764,ask,88635.40,5.333,delta
1766322166499,501953028739,501953027764,ask,88636.00,3.386,delta
1766322166499,501953028739,501953027764,ask,88636.30,5.181,delta
1766322166499,501953028739,501953027764,ask,88636.40,5.440,delta
1766322166499,501953028739,501953027764,ask,88637.50,1.344,delta
1766322166499,501953028739,501953027764,ask,88637.60,7.125,delta
1766322166499,501953028739,501953027764,ask,88638.20,0,delta
1766322166499,501953028739,501953027764,ask,88638.40,0.098,delta
1766322166499,501953028739,501953027764,ask,88638.80,0,delta
1766322166499,501953028739,501953027764,ask,88642.60,0,delta
1766322166499,501953028739,501953027764,ask,88642.80,0.225,delta
1766322166499,501953028739,501953027764,ask,88643.40,0.846,delta
1766322166499,501953028739,501953027764,ask,88643.50,0,delta
1766322166499,501953028739,501953027764,ask,88643.60,0,delta
1766322166499,501953028739,501953027764,ask,88644.30,3.080,delta
1766322166499,501953028739,501953027764,ask,88644.40,0,delta
1766322166499,501953028739,501953027764,ask,88644.90,0,delta
1766322166499,501953028739,501953027764,ask,88645.20,0.005,delta
1766322166499,501953028739,501953027764,ask,88645.30,0,delta
1766322166499,501953028739,501953027764,ask,88645.40,0.500,delta
1766322166499,501953028739,501953027764,ask,88645.50,0,delta
1766322166499,501953028739,501953027764,ask,88645.60,0.001,delta
1766322166499,501953028739,501953027764,ask,88645.80,0.017,delta
1766322166499,501953028739,501953027764,ask,88646.30,0.670,delta
1766322166499,501953028739,501953027764,ask,88646.40,0.025,delta
1766322166499,501953028739,501953027764,ask,88646.50,0.008,delta
1766322166499,501953028739,501953027764,ask,88646.60,1.046,delta
1766322166499,501953028739,501953027764,ask,88646.80,0,delta
1766322166519,501953030175,501953028739,bid,88634.30,0,delta
1766322166519,501953030175,501953028739,bid,88633.50,0.008,delta
1766322166519,501953030175,501953028739,bid,88628.40,0,delta
1766322166519,501953030175,501953028739,bid,88627.50,0,delta
1766322166519,501953030175,501953028739,bid,88625.70,0.003,delta
1766322166519,501953030175,501953028739,bid,88625.60,0.011,delta
1766322166519,501953030175,501953028739,bid,88625.40,0.571,delta
1766322166519,501953030175,501953028739,bid,88625.30,0.003,delta
1766322166519,501953030175,501953028739,bid,88624.50,0.020,delta
1766322166519,501953030175,501953028739,bid,88623.70,0.033,delta
1766322166519,501953030175,501953028739,bid,88623.00,0.001,delta
1766322166519,501953030175,501953028739,ask,88633.60,8.763,delta
1766322166519,501953030175,501953028739,ask,88634.30,0.005,delta
1766322166519,501953030175,501953028739,ask,88634.40,6.239,delta
1766322166519,501953030175,501953028739,ask,88635.20,0,delta
1766322166519,501953030175,501953028739,ask,88635.40,0.240,delta
1766322166519,501953030175,501953028739,ask,88635.50,0.005,delta
1766322166519,501953030175,501953028739,ask,88635.60,0.001,delta
1766322166519,501953030175,501953028739,ask,88635.90,0.001,delta
1766322166519,501953030175,501953028739,ask,88636.00,0,delta
1766322166519,501953030175,501953028739,ask,88636.30,0,delta
1766322166519,501953030175,501953028739,ask,88636.40,0.569,delta
1766322166519,501953030175,501953028739,ask,88637.50,0,delta
1766322166519,501953030175,501953028739,ask,88637.60,6.864,delta
1766322166519,501953030175,501953028739,ask,88638.30,0.001,delta
1766322166519,501953030175,501953028739,ask,88638.90,0.027,delta
1766322166519,501953030175,501953028739,ask,88640.40,0,delta
1766322166519,501953030175,501953028739,ask,88640.80,0.005,delta
1766322166519,501953030175,501953028739,ask,88641.80,1.215,delta
1766322166519,501953030175,501953028739,ask,88642.40,2.513,delta
1766322166519,501953030175,501953028739,ask,88642.80,0,delta
1766322166519,501953030175,501953028739,ask,88643.30,0.005,delta
1766322166519,501953030175,501953028739,ask,88644.30,2.234,delta
1766322166519,501953030175,501953028739,ask,88645.20,0.846,delta
1766322166519,501953030175,501953028739,ask,88646.30,0.040,delta
1766322166519,501953030175,501953028739,ask,88646.50,0,delta
1766322166519,501953030175,501953028739,ask,88646.60,0,delta
1766322166519,501953030175,501953028739,ask,88646.70,0,delta
1766322166539,501953030756,501953030175,bid,88633.50,0.045,delta
1766322166539,501953030756,501953030175,ask,88633.60,8.466,delta
1766322166539,501953030756,501953030175,ask,88634.30,4.155,delta
1766322166539,501953030756,501953030175,ask,88634.40,0.407,delta
1766322166539,501953030756,501953030175,ask,88634.50,0.001,delta
1766322166539,501953030756,501953030175,ask,88635.10,0.005,delta
1766322166539,501953030756,501953030175,ask,88635.50,0,delta
1766322166539,501953030756,501953030175,ask,88635.90,0.006,delta
1766322166539,501953030756,501953030175,ask,88636.10,0.001,delta
1766322166539,501953030756,501953030175,ask,88636.50,0.001,delta
1766322166539,501953030756,501953030175,ask,88643.30,0,delta
1766322166539,501953030756,501953030175,ask,88643.50,0.846,delta
1766322166539,501953030756,501953030175,ask,88643.90,0.006,delta
1766322166539,501953030756,501953030175,ask,88644.40,0.001,delta
1766322166539,501953030756,501953030175,ask,88645.20,0,delta
1766322166539,501953030756,501953030175,ask,88646.10,0,delta
1766322166539,501953030756,501953030175,ask,88646.30,0,delta
1766322166539,501953030756,501953030175,ask,88646.40,0,delta
1766322166559,501953031159,501953030756,ask,88634.20,3.657,delta
1766322166559,501953031159,501953030756,ask,88634.30,0,delta
1766322166559,501953031159,501953030756,ask,88635.90,0.001,delta
1766322166559,501953031159,501953030756,ask,88636.10,0.006,delta
1766322166579,501953031531,501953031159,ask,88634.20,2.417,delta
1766322166579,501953031531,501953031159,ask,88634.40,0.417,delta
1766322166579,501953031531,501953031159,ask,88635.10,0,delta
1766322166579,501953031531,501953031159,ask,88635.50,0.001,delta
1766322166579,501953031531,501953031159,ask,88636.10,0,delta
1766322166579,501953031531,501953031159,ask,88636.30,0.005,delta
1766322166579,501953031531,501953031159,ask,88636.50,0,delta
1766322166579,501953031531,501953031159,ask,88637.20,0.005,delta
1766322166579,501953031531,501953031159,ask,88637.60,6.854,delta
1766322166579,501953031531,501953031159,ask,88637.70,0.004,delta
1766322166579,501953031531,501953031159,ask,88641.80,1.009,delta
1766322166579,501953031531,501953031159,ask,88642.10,0.104,delta
1766322166579,501953031531,501953031159,ask,88643.30,0.225,delta
1766322166579,501953031531,501953031159,ask,88643.90,0.001,delta
1766322166579,501953031531,501953031159,ask,88644.70,0,delta
1766322166579,501953031531,501953031159,ask,88645.30,0.005,delta
1766322166579,501953031531,501953031159,ask,88646.00,0,delta
1766322166599,501953031853,501953031531,ask,88634.50,0.002,delta
1766322166599,501953031853,501953031531,ask,88635.50,0,delta
1766322166599,501953031853,501953031531,ask,88636.30,0,delta
1766322166599,501953031853,501953031531,ask,88637.10,0.005,delta
1766322166599,501953031853,501953031531,ask,88637.20,0,delta
1766322166599,501953031853,501953031531,ask,88637.50,0.005,delta
1766322166599,501953031853,501953031531,ask,88637.70,0.001,delta
1766322166599,501953031853,501953031531,ask,88640.70,0.155,delta
1766322166599,501953031853,501953031531,ask,88645.30,0.013,delta
1766322166599,501953031853,501953031531,ask,88646.00,0.004,delta
1766322166619,501953032211,501953031853,ask,88637.10,0,delta
1766322166619,501953032211,501953031853,ask,88637.40,0.005,delta
1766322166619,501953032211,501953031853,ask,88637.50,0,delta
1766322166619,501953032211,501953031853,ask,88637.80,0.005,delta
1766322166619,501953032211,501953031853,ask,88643.30,0,delta
1766322166619,501953032211,501953031853,ask,88643.80,0.225,delta
1766322166619,501953032211,501953031853,ask,88645.30,0.007,delta
1766322166619,501953032211,501953031853,ask,88645.70,0.010,delta
1766322166639,501953032472,501953032211,ask,88637.80,0,delta
1766322166639,501953032472,501953032211,ask,88637.90,0.005,delta
1766322166659,501953032683,501953032472,bid,88625.90,0,delta
1766322166659,501953032683,501953032472,bid,88622.90,0.001,delta
1766322166659,501953032683,501953032472,ask,88633.60,8.476,delta
1766322166659,501953032683,501953032472,ask,88634.40,0.407,delta
1766322166659,501953032683,501953032472,ask,88636.40,0.466,delta
1766322166659,501953032683,501953032472,ask,88637.90,0,delta
1766322166659,501953032683,501953032472,ask,88638.00,0.005,delta
1766322166659,501953032683,501953032472,ask,88643.80,0,delta
1766322166659,501953032683,501953032472,ask,88644.10,0.225,delta
1766322166659,501953032683,501953032472,ask,88645.70,0.005,delta
1766322166679,501953032842,501953032683,ask,88638.00,0,delta
1766322166679,501953032842,501953032683,ask,88638.20,0.005,delta
1766322166699,501953033046,501953032842,ask,88638.20,0,delta
1766322166699,501953033046,501953032842,ask,88638.40,0.103,delta
1766322166699,501953033046,501953032842,ask,88640.70,0.153,delta
1766322166699,501953033046,501953032842,ask,88646.10,0.112,delta
1766322166719,501953033214,501953033046,ask,88638.40,0.098,delta
1766322166719,501953033214,501953033046,ask,88638.50,0.006,delta
1766322166719,501953033214,501953033046,ask,88642.60,0.004,delta
1766322166719,501953033214,501953033046,ask,88644.10,0,delta
1766322166719,501953033214,501953033046,ask,88644.30,2.459,delta
1766322166739,501953033424,501953033214,ask,88638.50,0.001,delta
1766322166739,501953033424,501953033214,ask,88638.60,0.005,delta
1766322166739,501953033424,501953033214,ask,88644.30,2.234,delta
1766322166739,501953033424,501953033214,ask,88644.50,0.240,delta
1766322166739,501953033424,501953033214,ask,88646.10,0,delta
1766322166759,501953033602,501953033424,bid,88622.90,0.076,delta
1766322166759,501953033602,501953033424,ask,88644.50,0.015,delta
1766322166759,501953033602,501953033424,ask,88644.90,0.225,delta
1766322166759,501953033602,501953033424,ask,88646.00,0,delta
1766322166779,501953033676,501953033602,bid,88632.40,0.002,delta
1766322166779,501953033676,501953033602,bid,88622.90,0,delta
1766322166779,501953033676,501953033602,ask,88638.60,0,delta
1766322166779,501953033676,501953033602,ask,88638.70,0.005,delta
1766322166819,501953034036,501953033676,ask,88638.70,0,delta
1766322166819,501953034036,501953033676,ask,88638.80,0.005,delta
1766322166839,501953034256,501953034036,ask,88641.80,0.990,delta
1766322166859,501953034418,501953034256,bid,88623.30,0.102,delta
1766322166859,501953034418,501953034256,bid,88623.00,0,delta
1766322166859,501953034418,501953034256,ask,88637.40,0,delta
1766322166859,501953034418,501953034256,ask,88638.20,0.005,delta
1766322166859,501953034418,501953034256,ask,88645.30,0.019,delta
1766322166879,501953034603,501953034418,ask,88638.80,0,delta
1766322166879,501953034603,501953034418,ask,88639.00,0.005,delta
1766322166879,501953034603,501953034418,ask,88639.90,0.004,delta
1766322166919,501953034990,501953034603,bid,88631.20,0,delta
1766322166919,501953034990,501953034603,bid,88623.00,0.001,delta
1766322166919,501953034990,501953034603,ask,88639.00,0,delta
1766322166919,501953034990,501953034603,ask,88639.10,0.005,delta
1766322166919,501953034990,501953034603,ask,88644.90,0,delta
1766322166919,501953034990,501953034603,ask,88645.20,0.225,delta
1766322167019,501953035801,501953034990,bid,88633.50,0.271,delta
1766322167019,501953035801,501953034990,ask,88633.60,7.849,delta
1766322167039,501953035931,501953035801,ask,88633.60,7.579,delta
1766322167039,501953035931,501953035801,ask,88639.10,0,delta
1766322167039,501953035931,501953035801,ask,88639.20,0.005,delta
1766322167039,501953035931,501953035801,ask,88641.60,0.278,delta
1766322167039,501953035931,501953035801,ask,88645.30,0,delta
1766322167059,501953036062,501953035931,ask,88639.20,0,delta
1766322167059,501953036062,501953035931,ask,88639.40,0.005,delta
1766322167059,501953036062,501953035931,ask,88642.00,1.865,delta
1766322167059,501953036062,501953035931,ask,88643.40,0,delta
1766322167059,501953036062,501953035931,ask,88646.00,0.004,delta
1766322167079,501953036182,501953036062,ask,88642.00,1.019,delta
1766322167079,501953036182,501953036062,ask,88643.40,0.846,delta
1766322167079,501953036182,501953036062,ask,88646.00,0,delta
1766322167099,501953036340,501953036182,ask,88634.50,0.001,delta
1766322167099,501953036340,501953036182,ask,88636.50,0.001,delta
1766322167099,501953036340,501953036182,ask,88645.80,0,delta
1766322167119,501953036481,501953036340,ask,88636.50,0,delta
1766322167119,501953036481,501953036340,ask,88637.70,0.002,delta
1766322167119,501953036481,501953036340,ask,88645.20,0,delta
1766322167119,501953036481,501953036340,ask,88645.30,0.225,delta
1766322167119,501953036481,501953036340,ask,88645.80,0.017,delta
1766322167139,501953036618,501953036481,bid,88624.80,0.008,delta
1766322167239,501953037210,501953036618,bid,88633.50,0.281,delta
1766322167279,501953037472,501953037210,ask,88633.60,7.537,delta
1766322167359,501953037900,501953037472,ask,88639.40,0.007,delta
1766322167459,501953038651,501953037900,bid,88633.50,1.009,delta
1766322167459,501953038651,501953037900,ask,88633.60,5.894,delta
1766322167459,501953038651,501953037900,ask,88634.40,0.304,delta
1766322167459,501953038651,501953037900,ask,88638.20,0,delta
1766322167459,501953038651,501953037900,ask,88639.40,0.002,delta
1766322167459,501953038651,501953037900,ask,88640.20,0.005,delta
1766322167459,501953038651,501953037900,ask,88643.40,0,delta
1766322167459,501953038651,501953037900,ask,88643.50,0,delta
1766322167459,501953038651,501953037900,ask,88644.20,0.847,delta
1766322167459,501953038651,501953037900,ask,88644.30,0,delta
1766322167459,501953038651,501953037900,ask,88645.20,0.846,delta
1766322167459,501953038651,501953037900,ask,88645.30,0,delta
1766322167459,501953038651,501953037900,ask,88646.00,0.004,delta
1766322167459,501953038651,501953037900,ask,88646.10,0.112,delta
1766322167459,501953038651,501953037900,ask,88646.20,2.459,delta
1766322167479,501953038729,501953038651,ask,88633.60,5.729,delta
1766322167479,501953038729,501953038651,ask,88634.40,0.248,delta
1766322167479,501953038729,501953038651,ask,88639.80,0.005,delta
1766322167479,501953038729,501953038651,ask,88640.20,0,delta
1766322167479,501953038729,501953038651,ask,88640.50,0.205,delta
1766322167499,501953038754,501953038729,ask,88633.60,5.728,delta
1766322167519,501953038791,501953038754,ask,88637.60,6.853,delta
1766322167519,501953038791,501953038754,ask,88639.30,0.005,delta
1766322167519,501953038791,501953038754,ask,88639.80,0,delta
1766322167519,501953038791,501953038754,ask,88640.30,0.005,delta
1766322167519,501953038791,501953038754,ask,88640.50,0.200,delta
1766322167519,501953038791,501953038754,ask,88646.20,0,delta
1766322167540,501953038827,501953038791,ask,88645.30,0.019,delta
1766322167540,501953038827,501953038791,ask,88646.10,0,delta
1766322167580,501953038866,501953038827,ask,88640.10,0.005,delta
1766322167580,501953038866,501953038827,ask,88640.30,0,delta
1766322167580,501953038866,501953038827,ask,88644.20,0.001,delta
1766322167580,501953038866,501953038827,ask,88645.10,0.846,delta
1766322167580,501953038866,501953038827,ask,88646.00,0,delta
1766322167619,501953038924,501953038866,ask,88638.80,0.005,delta
1766322167619,501953038924,501953038866,ask,88639.30,0,delta
1766322167619,501953038924,501953038866,ask,88640.00,0.006,delta
1766322167619,501953038924,501953038866,ask,88640.10,0,delta
1766322167619,501953038924,501953038866,ask,88646.00,0.229,delta
1766322167719,501953039024,501953038924,ask,88639.90,0.009,delta
1766322167719,501953039024,501953038924,ask,88640.00,0.001,delta
1766322167739,501953039063,501953039024,ask,88638.80,0,delta
1766322167739,501953039063,501953039024,ask,88639.30,0.005,delta
1766322167739,501953039063,501953039024,ask,88639.90,0.004,delta
1766322167739,501953039063,501953039024,ask,88646.00,0.004,delta
1766322167759,501953039079,501953039063,ask,88640.30,0.005,delta
1766322167759,501953039079,501953039063,ask,88646.00,0,delta
1766322167820,501953039132,501953039079,ask,88640.20,0.005,delta
1766322167820,501953039132,501953039079,ask,88640.30,0,delta
