ts_ms,seq,prev_seq,book_side,price,size,type
1766167858263,501340770184,0,bid,87197.60,3.869,snapshot
1766167858263,501340770184,0,bid,87196.70,0.002,snapshot
1766167858263,501340770184,0,bid,87196.60,0.100,snapshot
1766167858263,501340770184,0,bid,87196.50,0.177,snapshot
1766167858263,501340770184,0,bid,87195.60,0.340,snapshot
1766167858263,501340770184,0,bid,87195.50,0.001,snapshot
1766167858263,501340770184,0,bid,87195.20,0.176,snapshot
1766167858263,501340770184,0,bid,87194.80,0.001,snapshot
1766167858263,501340770184,0,bid,87194.70,0.178,snapshot
1766167858263,501340770184,0,bid,87194.50,0.516,snapshot
1766167858263,501340770184,0,bid,87194.40,0.001,snapshot
1766167858263,501340770184,0,bid,87193.90,0.001,snapshot
1766167858263,501340770184,0,bid,87193.30,2.271,snapshot
1766167858263,501340770184,0,bid,87192.30,1.033,snapshot
1766167858263,501340770184,0,bid,87192.10,0.304,snapshot
1766167858263,501340770184,0,bid,87192.00,0.074,snapshot
1766167858263,501340770184,0,bid,87191.90,0.050,snapshot
1766167858263,501340770184,0,bid,87191.70,0.001,snapshot
1766167858263,501340770184,0,bid,87191.50,0.002,snapshot
1766167858263,501340770184,0,bid,87190.80,0.006,snapshot
1766167858263,501340770184,0,bid,87190.60,0.003,snapshot
1766167858263,501340770184,0,bid,87190.10,1.374,snapshot
1766167858263,501340770184,0,bid,87190.00,1.089,snapshot
1766167858263,501340770184,0,bid,87189.70,0.009,snapshot
1766167858263,501340770184,0,bid,87189.50,0.007,snapshot
1766167858263,501340770184,0,bid,87188.80,0.002,snapshot
1766167858263,501340770184,0,bid,87187.90,0.100,snapshot
1766167858263,501340770184,0,bid,87187.70,0.001,snapshot
1766167858263,501340770184,0,bid,87187.60,0.032,snapshot
1766167858263,501340770184,0,bid,87187.50,0.001,snapshot
1766167858263,501340770184,0,bid,87187.40,0.001,snapshot
1766167858263,501340770184,0,bid,87187.30,0.004,snapshot
1766167858263,501340770184,0,bid,87187.20,2.064,snapshot
1766167858263,501340770184,0,bid,87187.10,0.027,snapshot
1766167858263,501340770184,0,bid,87186.50,0.004,snapshot
1766167858263,501340770184,0,bid,87186.30,0.001,snapshot
1766167858263,501340770184,0,bid,87186.20,0.002,snapshot
1766167858263,501340770184,0,bid,87186.10,1.266,snapshot
1766167858263,501340770184,0,bid,87185.90,0.011,snapshot
1766167858263,501340770184,0,bid,87185.80,0.001,snapshot
1766167858263,501340770184,0,bid,87185.70,0.001,snapshot
1766167858263,501340770184,0,bid,87185.10,0.004,snapshot
1766167858263,501340770184,0,bid,87184.10,0.001,snapshot
1766167858263,501340770184,0,bid,87184.00,0.001,snapshot
1766167858263,501340770184,0,bid,87183.80,0.011,snapshot
1766167858263,501340770184,0,bid,87183.70,0.009,snapshot
1766167858263,501340770184,0,bid,87183.50,0.100,snapshot
1766167858263,501340770184,0,bid,87183.00,0.001,snapshot
1766167858263,501340770184,0,bid,87182.80,0.427,snapshot
1766167858263,501340770184,0,bid,87182.70,0.001,snapshot
1766167858263,501340770184,0,ask,87197.70,0.420,snapshot
1766167858263,501340770184,0,ask,87198.30,0.002,snapshot
1766167858263,501340770184,0,ask,87198.40,0.006,snapshot
1766167858263,501340770184,0,ask,87198.60,0.003,snapshot
1766167858263,501340770184,0,ask,87199.00,0.030,snapshot
1766167858263,501340770184,0,ask,87199.10,0.003,snapshot
1766167858263,501340770184,0,ask,87199.50,0.004,snapshot
1766167858263,501340770184,0,ask,87199.80,0.001,snapshot
1766167858263,501340770184,0,ask,87199.90,0.248,snapshot
1766167858263,501340770184,0,ask,87200.00,0.407,snapshot
1766167858263,501340770184,0,ask,87200.10,0.007,snapshot
1766167858263,501340770184,0,ask,87200.30,0.031,snapshot
1766167858263,501340770184,0,ask,87200.40,0.001,snapshot
1766167858263,501340770184,0,ask,87200.50,0.004,snapshot
1766167858263,501340770184,0,ask,87200.60,0.008,snapshot
1766167858263,501340770184,0,ask,87200.80,0.004,snapshot
1766167858263,501340770184,0,ask,87200.90,0.004,snapshot
1766167858263,501340770184,0,ask,87201.00,0.011,snapshot
1766167858263,501340770184,0,ask,87201.10,0.005,snapshot
1766167858263,501340770184,0,ask,87201.30,0.016,snapshot
1766167858263,501340770184,0,ask,87201.40,0.012,snapshot
1766167858263,501340770184,0,ask,87201.50,0.005,snapshot
1766167858263,501340770184,0,ask,87201.60,0.001,snapshot
1766167858263,501340770184,0,ask,87201.80,0.026,snapshot
1766167858263,501340770184,0,ask,87201.90,0.012,snapshot
1766167858263,501340770184,0,ask,87202.00,0.016,snapshot
1766167858263,501340770184,0,ask,87202.10,0.050,snapshot
1766167858263,501340770184,0,ask,87202.30,0.028,snapshot
1766167858263,501340770184,0,ask,87202.40,0.004,snapshot
1766167858263,501340770184,0,ask,87202.50,0.013,snapshot
1766167858263,501340770184,0,ask,87202.60,0.004,snapshot
1766167858263,501340770184,0,ask,87202.70,0.003,snapshot
1766167858263,501340770184,0,ask,87202.80,0.036,snapshot
1766167858263,501340770184,0,ask,87202.90,0.014,snapshot
1766167858263,501340770184,0,ask,87203.00,0.016,snapshot
1766167858263,501340770184,0,ask,87203.10,0.008,snapshot
1766167858263,501340770184,0,ask,87203.20,0.033,snapshot
1766167858263,501340770184,0,ask,87203.30,0.012,snapshot
1766167858263,501340770184,0,ask,87203.40,0.021,snapshot
1766167858263,501340770184,0,ask,87203.50,0.012,snapshot
1766167858263,501340770184,0,ask,87203.60,0.615,snapshot
1766167858263,501340770184,0,ask,87203.70,0.002,snapshot
1766167858263,501340770184,0,ask,87203.80,0.008,snapshot
1766167858263,501340770184,0,ask,87203.90,0.020,snapshot
1766167858263,501340770184,0,ask,87204.00,0.018,snapshot
1766167858263,501340770184,0,ask,87204.10,0.005,snapshot
1766167858263,501340770184,0,ask,87204.20,0.057,snapshot
1766167858263,501340770184,0,ask,87204.30,0.012,snapshot
1766167858263,501340770184,0,ask,87204.40,0.102,snapshot
1766167858263,501340770184,0,ask,87204.50,0.043,snapshot
1766167858279,501340770286,0,bid,87195.60,0.300,delta
1766167858279,501340770286,0,bid,87193.30,0,delta
1766167858279,501340770286,0,bid,87192.40,2.271,delta
1766167858279,501340770286,0,bid,87189.70,0.007,delta
1766167858279,501340770286,0,bid,87187.90,0.102,delta
1766167858279,501340770286,0,bid,87187.60,0.027,delta
1766167858279,501340770286,0,bid,87187.30,0.009,delta
1766167858279,501340770286,0,bid,87186.80,0.019,delta
1766167858279,501340770286,0,bid,87182.80,0.255,delta
1766167858279,501340770286,0,bid,87182.70,0,delta
1766167858279,501340770286,0,ask,87197.70,0.574,delta
1766167858279,501340770286,0,ask,87201.40,0.032,delta
1766167858279,501340770286,0,ask,87203.30,0.126,delta
1766167858300,501340770324,0,bid,87197.60,3.870,delta
1766167858300,501340770324,0,bid,87187.20,0,delta
1766167858300,501340770324,0,bid,87186.20,2.066,delta
1766167858300,501340770324,0,bid,87182.70,0.001,delta
1766167858300,501340770324,0,ask,87203.30,0.012,delta
1766167858319,501340770430,0,bid,87197.60,3.394,delta
1766167858319,501340770430,0,bid,87196.50,0.001,delta
1766167858319,501340770430,0,bid,87195.60,0.220,delta
1766167858319,501340770430,0,bid,87195.20,0,delta
1766167858319,501340770430,0,bid,87194.50,0.476,delta
1766167858319,501340770430,0,bid,87192.30,0.993,delta
1766167858319,501340770430,0,bid,87190.00,0.991,delta
1766167858319,501340770430,0,bid,87187.40,0.006,delta
1766167858319,501340770430,0,bid,87187.30,0.004,delta
1766167858319,501340770430,0,bid,87186.80,0,delta
1766167858319,501340770430,0,bid,87186.20,0.002,delta
1766167858319,501340770430,0,bid,87182.60,1.266,delta
1766167858319,501340770430,0,bid,87182.40,0.125,delta
1766167858319,501340770430,0,ask,87197.70,0.870,delta
1766167858319,501340770430,0,ask,87201.10,0.119,delta
1766167858339,501340770531,0,bid,87197.60,2.940,delta
1766167858339,501340770531,0,bid,87196.60,0,delta
1766167858339,501340770531,0,bid,87194.50,0.300,delta
1766167858339,501340770531,0,bid,87192.40,0,delta
1766167858339,501340770531,0,bid,87192.30,0.841,delta
1766167858339,501340770531,0,bid,87192.10,0.285,delta
1766167858339,501340770531,0,bid,87190.90,2.271,delta
1766167858339,501340770531,0,bid,87190.10,0.001,delta
1766167858339,501340770531,0,bid,87187.40,0.001,delta
1766167858339,501340770531,0,bid,87185.50,0.005,delta
1766167858339,501340770531,0,bid,87183.60,2.064,delta
1766167858339,501340770531,0,bid,87182.40,0,delta
1766167858339,501340770531,0,ask,87197.70,0.817,delta
1766167858339,501340770531,0,ask,87201.10,0.005,delta
1766167858359,501340770578,0,bid,87197.60,2.941,delta
1766167858359,501340770578,0,bid,87183.70,0.892,delta
1766167858359,501340770578,0,bid,87182.80,0,delta
1766167858359,501340770578,0,bid,87182.40,0.125,delta
1766167858359,501340770578,0,ask,87197.80,0.573,delta
1766167858359,501340770578,0,ask,87204.50,0,delta
1766167858379,501340770596,0,bid,87183.80,2.075,delta
1766167858379,501340770596,0,bid,87183.60,0,delta
1766167858379,501340770596,0,bid,87181.90,0.056,delta
1766167858379,501340770596,0,ask,87202.10,0.177,delta
1766167858419,501340770649,0,bid,87190.90,0,delta
1766167858419,501340770649,0,bid,87190.20,2.271,delta
1766167858419,501340770649,0,bid,87185.50,0,delta
1766167858419,501340770649,0,bid,87185.40,0.005,delta
1766167858419,501340770649,0,bid,87184.00,2.065,delta
1766167858419,501340770649,0,bid,87183.90,0.909,delta
1766167858419,501340770649,0,bid,87183.80,0.011,delta
1766167858419,501340770649,0,ask,87198.40,0.120,delta
1766167858440,501340770750,0,bid,87197.60,2.746,delta
1766167858440,501340770750,0,bid,87187.20,0.005,delta
1766167858440,501340770750,0,bid,87186.20,2.066,delta
1766167858440,501340770750,0,bid,87185.40,0,delta
1766167858440,501340770750,0,bid,87184.10,1.093,delta
1766167858440,501340770750,0,bid,87184.00,0.001,delta
1766167858440,501340770750,0,bid,87183.90,0,delta
1766167858440,501340770750,0,bid,87181.90,0.056,delta
1766167858440,501340770750,0,ask,87197.70,0.663,delta
1766167858440,501340770750,0,ask,87198.40,0.006,delta
1766167858440,501340770750,0,ask,87201.50,0.004,delta
1766167858459,501340770783,0,bid,87187.20,0,delta
1766167858459,501340770783,0,bid,87186.80,0.005,delta
1766167858459,501340770783,0,bid,87184.10,0.471,delta
1766167858459,501340770783,0,ask,87197.70,0.697,delta
1766167858479,501340770840,0,bid,87197.60,2.747,delta
1766167858479,501340770840,0,bid,87191.60,2.271,delta
1766167858479,501340770840,0,bid,87190.20,0,delta
1766167858479,501340770840,0,bid,87186.80,0,delta
1766167858479,501340770840,0,bid,87186.40,0.005,delta
1766167858479,501340770840,0,ask,87197.70,0.332,delta
1766167858479,501340770840,0,ask,87200.70,0.114,delta
1766167858479,501340770840,0,ask,87204.40,0,delta
1766167858499,501340770911,0,bid,87187.30,0.009,delta
1766167858499,501340770911,0,bid,87187.20,2.064,delta
1766167858499,501340770911,0,bid,87186.40,0,delta
1766167858499,501340770911,0,bid,87186.20,0.002,delta
1766167858499,501340770911,0,ask,87200.70,0,delta
1766167858499,501340770911,0,ask,87204.40,0.102,delta
1766167858539,501340771501,0,bid,87193.20,0.100,delta
1766167858539,501340771501,0,bid,87192.40,0.017,delta
1766167858539,501340771501,0,bid,87187.50,0.001,delta
1766167858539,501340771501,0,bid,87187.30,0.004,delta
1766167858539,501340771501,0,bid,87186.50,0,delta
1766167858539,501340771501,0,bid,87186.40,0.004,delta
1766167858539,501340771501,0,bid,87186.10,1.271,delta
1766167858539,501340771501,0,bid,87185.80,0.009,delta
1766167858539,501340771501,0,bid,87185.50,0.012,delta
1766167858539,501340771501,0,bid,87185.10,0.008,delta
1766167858539,501340771501,0,bid,87184.50,0.024,delta
1766167858539,501340771501,0,bid,87184.10,0.499,delta
1766167858539,501340771501,0,bid,87182.70,0,delta
1766167858539,501340771501,0,bid,87182.60,0,delta
1766167858539,501340771501,0,bid,87182.40,0,delta
1766167858539,501340771501,0,bid,87181.90,0,delta
1766167858539,501340771501,0,ask,87197.70,0.011,delta
1766167858539,501340771501,0,ask,87199.50,0,delta
1766167858539,501340771501,0,ask,87200.00,0.513,delta
1766167858539,501340771501,0,ask,87200.10,0.003,delta
1766167858539,501340771501,0,ask,87200.30,0.023,delta
1766167858539,501340771501,0,ask,87200.40,0,delta
1766167858539,501340771501,0,ask,87200.50,0,delta
1766167858539,501340771501,0,ask,87200.60,0,delta
1766167858539,501340771501,0,ask,87200.80,0,delta
1766167858539,501340771501,0,ask,87200.90,0,delta
1766167858539,501340771501,0,ask,87201.00,0.003,delta
1766167858539,501340771501,0,ask,87201.10,0.001,delta
1766167858539,501340771501,0,ask,87201.30,0,delta
1766167858539,501340771501,0,ask,87201.40,0.020,delta
1766167858539,501340771501,0,ask,87201.50,0,delta
1766167858539,501340771501,0,ask,87201.80,0.006,delta
1766167858539,501340771501,0,ask,87201.90,0,delta
1766167858539,501340771501,0,ask,87202.00,0,delta
1766167858539,501340771501,0,ask,87202.10,0.161,delta
1766167858539,501340771501,0,ask,87202.30,0,delta
1766167858539,501340771501,0,ask,87202.40,0,delta
1766167858539,501340771501,0,ask,87202.50,0.001,delta
1766167858539,501340771501,0,ask,87202.60,0,delta
1766167858539,501340771501,0,ask,87202.80,0,delta
1766167858539,501340771501,0,ask,87202.90,0.002,delta
1766167858539,501340771501,0,ask,87203.00,0,delta
1766167858539,501340771501,0,ask,87203.10,0,delta
1766167858539,501340771501,0,ask,87203.30,0,delta
1766167858539,501340771501,0,ask,87203.40,0.001,delta
1766167858539,501340771501,0,ask,87203.50,0,delta
1766167858539,501340771501,0,ask,87203.60,0.599,delta
1766167858539,501340771501,0,ask,87203.80,0,delta
1766167858539,501340771501,0,ask,87203.90,0,delta
1766167858539,501340771501,0,ask,87204.00,0.002,delta
1766167858539,501340771501,0,ask,87204.10,0.001,delta
1766167858539,501340771501,0,ask,87204.30,0,delta
1766167858539,501340771501,0,ask,87204.40,0.098,delta
1766167858539,501340771501,0,ask,87204.50,0.039,delta
1766167858539,501340771501,0,ask,87204.60,0.001,delta
1766167858539,501340771501,0,ask,87204.80,0.010,delta
1766167858539,501340771501,0,ask,87205.00,0.003,delta
1766167858539,501340771501,0,ask,87205.10,0.057,delta
1766167858539,501340771501,0,ask,87205.20,0.001,delta
1766167858539,501340771501,0,ask,87205.30,1.266,delta
1766167858539,501340771501,0,ask,87205.60,0.004,delta
1766167858539,501340771501,0,ask,87205.70,0.001,delta
1766167858539,501340771501,0,ask,87205.90,0.007,delta
1766167858539,501340771501,0,ask,87206.10,0.002,delta
1766167858539,501340771501,0,ask,87206.40,0.070,delta
1766167858539,501340771501,0,ask,87206.50,0.001,delta
1766167858539,501340771501,0,ask,87206.80,0.005,delta
1766167858539,501340771501,0,ask,87207.00,0.012,delta
1766167858539,501340771501,0,ask,87207.10,0.064,delta
1766167858539,501340771501,0,ask,87207.20,0.038,delta
1766167858539,501340771501,0,ask,87207.30,0.002,delta
1766167858539,501340771501,0,ask,87207.40,0.057,delta
1766167858539,501340771501,0,ask,87207.60,0.004,delta
1766167858539,501340771501,0,ask,87207.70,0.003,delta
1766167858559,501340771716,0,bid,87192.40,2.288,delta
1766167858559,501340771716,0,bid,87191.60,0,delta
1766167858559,501340771716,0,bid,87188.30,0.005,delta
1766167858559,501340771716,0,bid,87188.00,2.064,delta
1766167858559,501340771716,0,bid,87186.10,1.266,delta
1766167858559,501340771716,0,bid,87183.00,0,delta
1766167858559,501340771716,0,ask,87197.70,0.002,delta
1766167858559,501340771716,0,ask,87199.90,0.002,delta
1766167858559,501340771716,0,ask,87204.40,0.041,delta
1766167858559,501340771716,0,ask,87205.30,0,delta
1766167858559,501340771716,0,ask,87205.90,0.003,delta
1766167858559,501340771716,0,ask,87207.90,0.005,delta
1766167858579,501340772585,0,bid,87197.70,4.609,delta
1766167858579,501340772585,0,bid,87197.60,0.822,delta
1766167858579,501340772585,0,bid,87195.70,2.271,delta
1766167858579,501340772585,0,bid,87194.70,0.068,delta
1766167858579,501340772585,0,bid,87192.40,0.017,delta
1766167858579,501340772585,0,bid,87190.50,0.005,delta
1766167858579,501340772585,0,bid,87190.10,2.796,delta
1766167858579,501340772585,0,bid,87188.30,0,delta
1766167858579,501340772585,0,bid,87188.00,0,delta
1766167858579,501340772585,0,bid,87187.30,0.013,delta
1766167858579,501340772585,0,bid,87185.20,0.229,delta
1766167858579,501340772585,0,bid,87183.70,0,delta
1766167858579,501340772585,0,bid,87183.50,0,delta
1766167858579,501340772585,0,ask,87197.70,0,delta
1766167858579,501340772585,0,ask,87197.80,0.290,delta
1766167858579,501340772585,0,ask,87200.00,0.399,delta
1766167858579,501340772585,0,ask,87201.40,0,delta
1766167858579,501340772585,0,ask,87202.10,0.034,delta
1766167858579,501340772585,0,ask,87202.50,0,delta
1766167858579,501340772585,0,ask,87203.60,0.454,delta
1766167858579,501340772585,0,ask,87205.20,1.267,delta
1766167858579,501340772585,0,ask,87206.30,0.001,delta
1766167858579,501340772585,0,ask,87206.40,0,delta
1766167858579,501340772585,0,ask,87206.50,0.138,delta
1766167858579,501340772585,0,ask,87207.10,0.007,delta
1766167858579,501340772585,0,ask,87207.40,0,delta
1766167858579,501340772585,0,ask,87207.70,0,delta
1766167858579,501340772585,0,ask,87208.00,0.012,delta
1766167858579,501340772585,0,ask,87208.10,1.271,delta
1766167858579,501340772585,0,ask,87208.30,1.964,delta
1766167858579,501340772585,0,ask,87208.40,0.007,delta
1766167858579,501340772585,0,ask,87208.60,0.008,delta
1766167858619,501340773012,0,bid,87190.50,0,delta
1766167858619,501340773012,0,bid,87190.30,0.005,delta
1766167858619,501340773012,0,bid,87186.00,0,delta
1766167858619,501340773012,0,bid,87183.80,0.011,delta
1766167858619,501340773012,0,ask,87204.40,0,delta
1766167858619,501340773012,0,ask,87208.80,0.001,delta
1766167858639,501340773185,0,bid,87197.70,4.332,delta
1766167858639,501340773185,0,bid,87193.90,0.003,delta
1766167858639,501340773185,0,bid,87193.20,0,delta
1766167858639,501340773185,0,bid,87190.30,0,delta
1766167858639,501340773185,0,bid,87190.10,0.001,delta
1766167858639,501340773185,0,bid,87188.50,0.005,delta
1766167858639,501340773185,0,bid,87188.00,2.064,delta
1766167858639,501340773185,0,bid,87185.20,0,delta
1766167858639,501340773185,0,bid,87184.20,0.229,delta
1766167858639,501340773185,0,ask,87197.80,0.401,delta
1766167858639,501340773185,0,ask,87199.90,0.154,delta
1766167858639,501340773185,0,ask,87206.50,0.265,delta
1766167858659,501340773257,0,bid,87197.70,4.400,delta
1766167858659,501340773257,0,bid,87197.60,0.714,delta
1766167858659,501340773257,0,bid,87196.80,0,delta
1766167858659,501340773257,0,bid,87195.80,2.271,delta
1766167858659,501340773257,0,bid,87194.70,0,delta
1766167858659,501340773257,0,bid,87193.90,0.001,delta
1766167858659,501340773257,0,bid,87190.00,0.993,delta
1766167858659,501340773257,0,bid,87183.50,0.100,delta
1766167858659,501340773257,0,ask,87197.80,0.602,delta
1766167858659,501340773257,0,ask,87199.90,0.002,delta
1766167858659,501340773257,0,ask,87203.00,0.020,delta
1766167858659,501340773257,0,ask,87206.50,0.138,delta
1766167858659,501340773257,0,ask,87206.60,0.100,delta
1766167858659,501340773257,0,ask,87208.60,0,delta
1766167858659,501340773257,0,ask,87208.80,0,delta
1766167858679,501340773398,0,bid,87197.70,4.343,delta
1766167858679,501340773398,0,bid,87189.30,0.005,delta
1766167858679,501340773398,0,bid,87188.50,0,delta
1766167858679,501340773398,0,bid,87188.00,0,delta
1766167858679,501340773398,0,bid,87184.20,0,delta
1766167858679,501340773398,0,bid,87184.10,0.706,delta
1766167858679,501340773398,0,bid,87183.30,0.006,delta
1766167858679,501340773398,0,bid,87183.10,0.019,delta
1766167858679,501340773398,0,ask,87197.80,0.378,delta
1766167858679,501340773398,0,ask,87200.50,0.114,delta
1766167858679,501340773398,0,ask,87208.40,0,delta
1766167858699,501340773468,0,bid,87195.80,0.002,delta
1766167858699,501340773468,0,bid,87194.90,2.271,delta
1766167858699,501340773468,0,bid,87190.20,0.734,delta
1766167858699,501340773468,0,bid,87189.30,0,delta
1766167858699,501340773468,0,bid,87189.00,0.005,delta
1766167858699,501340773468,0,bid,87188.00,2.064,delta
1766167858699,501340773468,0,bid,87183.30,0,delta
1766167858699,501340773468,0,bid,87183.10,0,delta
1766167858699,501340773468,0,ask,87198.30,0,delta
1766167858699,501340773468,0,ask,87200.50,0,delta
1766167858699,501340773468,0,ask,87208.40,0.007,delta
1766167858699,501340773468,0,ask,87208.60,0.008,delta
1766167858719,501340773557,0,bid,87190.20,0,delta
1766167858719,501340773557,0,bid,87190.10,1.351,delta
1766167858719,501340773557,0,bid,87189.30,0.005,delta
1766167858719,501340773557,0,bid,87189.00,0,delta
1766167858719,501340773557,0,bid,87184.10,0.499,delta
1766167858719,501340773557,0,bid,87183.30,0.006,delta
1766167858719,501340773557,0,ask,87197.80,0.411,delta
1766167858739,501340773689,0,bid,87197.70,3.772,delta
1766167858739,501340773689,0,bid,87197.60,0.238,delta
1766167858739,501340773689,0,bid,87189.30,0,delta
1766167858739,501340773689,0,bid,87189.20,0.005,delta
1766167858739,501340773689,0,ask,87197.80,0.933,delta
1766167858739,501340773689,0,ask,87207.10,0.027,delta
1766167858739,501340773689,0,ask,87208.00,0.050,delta
1766167858759,501340773748,0,bid,87197.70,3.357,delta
1766167858759,501340773748,0,bid,87197.60,0.240,delta
1766167858759,501340773748,0,bid,87195.60,0.120,delta
1766167858759,501340773748,0,bid,87192.40,0,delta
1766167858759,501340773748,0,bid,87189.20,0,delta
1766167858759,501340773748,0,bid,87188.10,0.005,delta
1766167858759,501340773748,0,bid,87188.00,0,delta
1766167858759,501340773748,0,bid,87187.70,2.065,delta
1766167858759,501340773748,0,bid,87183.00,0.001,delta
1766167858759,501340773748,0,bid,87182.70,0.001,delta
1766167858759,501340773748,0,ask,87197.80,1.034,delta
1766167858759,501340773748,0,ask,87207.10,0.007,delta
1766167858799,501340773819,0,bid,87188.10,0,delta
1766167858799,501340773819,0,bid,87187.80,0.005,delta
1766167858799,501340773819,0,ask,87197.80,0.925,delta
1766167858799,501340773819,0,ask,87199.30,0.114,delta
1766167858799,501340773819,0,ask,87208.60,0,delta
1766167858839,501340773896,0,bid,87197.70,3.583,delta
1766167858839,501340773896,0,bid,87197.60,0.032,delta
1766167858839,501340773896,0,bid,87194.90,0,delta
1766167858839,501340773896,0,bid,87194.00,2.271,delta
1766167858839,501340773896,0,bid,87187.80,0,delta
1766167858839,501340773896,0,bid,87187.70,0.006,delta
1766167858839,501340773896,0,bid,87187.20,2.064,delta
1766167858839,501340773896,0,ask,87199.30,0,delta
1766167858839,501340773896,0,ask,87208.60,0.008,delta
1766167858859,501340773961,0,bid,87197.70,3.359,delta
1766167858859,501340773961,0,bid,87194.00,0,delta
1766167858859,501340773961,0,bid,87192.40,2.271,delta
1766167858859,501340773961,0,bid,87189.40,0.005,delta
1766167858859,501340773961,0,bid,87187.70,2.065,delta
1766167858859,501340773961,0,bid,87187.20,0,delta
1766167858859,501340773961,0,ask,87199.90,0.160,delta
1766167858859,501340773961,0,ask,87200.00,0.513,delta
1766167858879,501340774020,0,bid,87197.70,2.888,delta
1766167858879,501340774020,0,bid,87189.40,0,delta
1766167858879,501340774020,0,bid,87187.70,0.001,delta
1766167858879,501340774020,0,bid,87186.20,0.007,delta
1766167858879,501340774020,0,bid,87184.60,2.064,delta
1766167858879,501340774020,0,ask,87200.00,0.399,delta
1766167858900,501340774054,0,bid,87190.10,0.001,delta
1766167858900,501340774054,0,bid,87184.70,1.111,delta
1766167858900,501340774054,0,bid,87184.10,0.029,delta
1766167858900,501340774054,0,bid,87182.70,0,delta
1766167858900,501340774054,0,ask,87197.80,0.934,delta
1766167858919,501340774114,0,bid,87197.70,2.582,delta
1766167858919,501340774114,0,bid,87194.40,0,delta
1766167858919,501340774114,0,bid,87191.80,0.001,delta
1766167858919,501340774114,0,bid,87187.90,0.100,delta
1766167858919,501340774114,0,bid,87187.10,0.029,delta
1766167858919,501340774114,0,bid,87186.20,0.002,delta
1766167858919,501340774114,0,bid,87186.00,0.005,delta
1766167858919,501340774114,0,bid,87184.80,2.064,delta
1766167858919,501340774114,0,bid,87184.60,0,delta
1766167858919,501340774114,0,bid,87183.00,0,delta
1766167858919,501340774114,0,ask,87202.20,0.127,delta
1766167858919,501340774114,0,ask,87208.60,0,delta
1766167858939,501340774152,0,bid,87197.70,2.631,delta
1766167858939,501340774152,0,bid,87184.90,1.111,delta
1766167858939,501340774152,0,bid,87184.70,0,delta
1766167858939,501340774152,0,ask,87203.00,0,delta
1766167858939,501340774152,0,ask,87208.60,0.008,delta
1766167858959,501340774178,0,bid,87187.10,0.027,delta
1766167858959,501340774178,0,bid,87185.00,2.064,delta
1766167858959,501340774178,0,bid,87184.80,0,delta
1766167858959,501340774178,0,bid,87184.50,0.026,delta
1766167858959,501340774178,0,ask,87198.20,0.114,delta
1766167858959,501340774178,0,ask,87208.60,0,delta
1766167859279,501340774550,0,bid,87192.30,0.655,delta
1766167859279,501340774550,0,bid,87186.70,0,delta
1766167859279,501340774550,0,bid,87186.50,0.005,delta
1766167859279,501340774550,0,ask,87197.80,0.935,delta
1766167859299,501340774583,0,bid,87197.70,2.560,delta
1766167859299,501340774583,0,bid,87186.50,0,delta
1766167859299,501340774583,0,bid,87186.20,0.002,delta
1766167859299,501340774583,0,bid,87185.30,0.005,delta
1766167859299,501340774583,0,bid,87184.20,2.064,delta
1766167859299,501340774583,0,bid,87183.80,0,delta
1766167859299,501340774583,0,ask,87199.20,0.002,delta
1766167859299,501340774583,0,ask,87208.40,0,delta
1766167859419,501340774740,0,bid,87197.70,2.414,delta
1766167859419,501340774740,0,bid,87192.30,0.301,delta
1766167859419,501340774740,0,bid,87185.60,2.069,delta
1766167859419,501340774740,0,bid,87185.40,0.003,delta
1766167859419,501340774740,0,bid,87184.60,0,delta
1766167859419,501340774740,0,bid,87184.00,0.001,delta
1766167859419,501340774740,0,ask,87197.80,0,delta
1766167859419,501340774740,0,ask,87198.20,0,delta
1766167859419,501340774740,0,ask,87198.40,0,delta
1766167859419,501340774740,0,ask,87198.60,0,delta
1766167859419,501340774740,0,ask,87199.00,0,delta
1766167859419,501340774740,0,ask,87199.10,0,delta
1766167859419,501340774740,0,ask,87199.20,0,delta
1766167859419,501340774740,0,ask,87199.80,0,delta
1766167859419,501340774740,0,ask,87199.90,0,delta
1766167859419,501340774740,0,ask,87200.00,0,delta
1766167859419,501340774740,0,ask,87200.10,0,delta
1766167859419,501340774740,0,ask,87200.30,0,delta
1766167859419,501340774740,0,ask,87201.00,0,delta
1766167859419,501340774740,0,ask,87201.10,0,delta
1766167859419,501340774740,0,ask,87201.60,0,delta
1766167859419,501340774740,0,ask,87201.80,0,delta
1766167859419,501340774740,0,ask,87202.10,0,delta
1766167859419,501340774740,0,ask,87202.20,0,delta
1766167859419,501340774740,0,ask,87202.70,0,delta
1766167859419,501340774740,0,ask,87202.90,0,delta
1766167859419,501340774740,0,ask,87203.20,0,delta
1766167859419,501340774740,0,ask,87203.40,0,delta
1766167859419,501340774740,0,ask,87203.60,0.093,delta
1766167859419,501340774740,0,ask,87208.40,0.007,delta
1766167859419,501340774740,0,ask,87208.60,0.008,delta
1766167859419,501340774740,0,ask,87208.80,0.001,delta
1766167859419,501340774740,0,ask,87208.90,0.052,delta
1766167859419,501340774740,0,ask,87209.10,0.133,delta
1766167859419,501340774740,0,ask,87209.20,0.002,delta
1766167859419,501340774740,0,ask,87209.30,0.064,delta
1766167859419,501340774740,0,ask,87209.40,0.007,delta
1766167859419,501340774740,0,ask,87209.50,0.040,delta
1766167859419,501340774740,0,ask,87209.60,0.018,delta
1766167859419,501340774740,0,ask,87209.80,0.016,delta
1766167859419,501340774740,0,ask,87209.90,0.016,delta
1766167859419,501340774740,0,ask,87210.00,0.020,delta
1766167859419,501340774740,0,ask,87210.10,0.057,delta
1766167859419,501340774740,0,ask,87210.20,0.011,delta
1766167859419,501340774740,0,ask,87210.30,0.060,delta
1766167859419,501340774740,0,ask,87210.40,0.008,delta
1766167859419,501340774740,0,ask,87210.60,0.001,delta
1766167859419,501340774740,0,ask,87210.70,0.001,delta
1766167859419,501340774740,0,ask,87210.80,0.224,delta
1766167859419,501340774740,0,ask,87210.90,0.243,delta
1766167859419,501340774740,0,ask,87211.00,0.078,delta
1766167859439,501340776344,0,bid,87201.10,0.506,delta
1766167859439,501340776344,0,bid,87201.00,0.001,delta
1766167859439,501340776344,0,bid,87200.40,0.008,delta
1766167859439,501340776344,0,bid,87200.00,0.001,delta
1766167859439,501340776344,0,bid,87199.90,0.001,delta
1766167859439,501340776344,0,bid,87198.60,0.001,delta
1766167859439,501340776344,0,bid,87198.50,0.114,delta
1766167859439,501340776344,0,bid,87198.30,0.114,delta
1766167859439,501340776344,0,bid,87198.10,0.114,delta
1766167859439,501340776344,0,bid,87198.00,0.007,delta
1766167859439,501340776344,0,bid,87197.80,0.060,delta
1766167859439,501340776344,0,bid,87197.70,0.510,delta
1766167859439,501340776344,0,bid,87197.60,0.021,delta
1766167859439,501340776344,0,bid,87192.80,0.036,delta
1766167859439,501340776344,0,bid,87192.00,0.075,delta
1766167859439,501340776344,0,bid,87191.90,0.061,delta
1766167859439,501340776344,0,bid,87190.50,0.573,delta
1766167859439,501340776344,0,bid,87190.40,0.001,delta
1766167859439,501340776344,0,bid,87186.20,0,delta
1766167859439,501340776344,0,bid,87186.10,0,delta
1766167859439,501340776344,0,bid,87185.90,0,delta
1766167859439,501340776344,0,bid,87185.80,0,delta
1766167859439,501340776344,0,bid,87185.70,0,delta
1766167859439,501340776344,0,bid,87185.60,0,delta
1766167859439,501340776344,0,bid,87185.50,0,delta
1766167859439,501340776344,0,bid,87185.40,0,delta
1766167859439,501340776344,0,bid,87185.10,0,delta
1766167859439,501340776344,0,bid,87184.50,0,delta
1766167859439,501340776344,0,bid,87184.10,0,delta
1766167859439,501340776344,0,bid,87184.00,0,delta
1766167859439,501340776344,0,bid,87183.80,0,delta
1766167859439,501340776344,0,bid,87183.50,0,delta
1766167859439,501340776344,0,ask,87201.20,1.335,delta
1766167859439,501340776344,0,ask,87202.50,0.100,delta
1766167859439,501340776344,0,ask,87202.80,0.329,delta
1766167859439,501340776344,0,ask,87202.90,0.135,delta
1766167859439,501340776344,0,ask,87203.10,0.001,delta
1766167859439,501340776344,0,ask,87203.40,0.155,delta
1766167859439,501340776344,0,ask,87203.50,0.104,delta
1766167859439,501340776344,0,ask,87203.60,1.225,delta
1766167859439,501340776344,0,ask,87205.00,0.002,delta
1766167859439,501340776344,0,ask,87205.60,0.104,delta
1766167859439,501340776344,0,ask,87206.50,0.001,delta
1766167859439,501340776344,0,ask,87206.60,0,delta
1766167859439,501340776344,0,ask,87207.50,0.020,delta
1766167859439,501340776344,0,ask,87207.90,0.004,delta
1766167859439,501340776344,0,ask,87208.40,0.004,delta
1766167859439,501340776344,0,ask,87209.10,0,delta
1766167859439,501340776344,0,ask,87209.60,0.008,delta
1766167859439,501340776344,0,ask,87209.90,0.276,delta
1766167859439,501340776344,0,ask,87210.30,0.057,delta
1766167859439,501340776344,0,ask,87210.40,0,delta
1766167859439,501340776344,0,ask,87210.60,0,delta
1766167859439,501340776344,0,ask,87210.70,0,delta
1766167859439,501340776344,0,ask,87210.80,0,delta
1766167859439,501340776344,0,ask,87210.90,0,delta
1766167859439,501340776344,0,ask,87211.00,0,delta
1766167859459,501340776526,0,bid,87201.10,0.371,delta
1766167859459,501340776526,0,bid,87200.40,0.001,delta
1766167859459,501340776526,0,bid,87198.50,0,delta
1766167859459,501340776526,0,bid,87198.30,0,delta
1766167859459,501340776526,0,bid,87198.10,0,delta
1766167859459,501340776526,0,bid,87197.70,0.394,delta
1766167859459,501340776526,0,bid,87193.30,0.017,delta
1766167859459,501340776526,0,bid,87192.80,0,delta
1766167859459,501340776526,0,bid,87191.80,0,delta
1766167859459,501340776526,0,bid,87187.10,0,delta
1766167859459,501340776526,0,bid,87186.20,0.002,delta
1766167859459,501340776526,0,bid,87186.10,1.266,delta
1766167859459,501340776526,0,bid,87185.90,0.011,delta
1766167859459,501340776526,0,bid,87185.80,0.009,delta
1766167859459,501340776526,0,bid,87185.70,1.112,delta
1766167859459,501340776526,0,ask,87201.20,1.336,delta
1766167859459,501340776526,0,ask,87202.80,0.527,delta
1766167859459,501340776526,0,ask,87207.50,0,delta
1766167859459,501340776526,0,ask,87210.40,0.008,delta
1766167859479,501340776686,0,bid,87201.10,0.491,delta
1766167859479,501340776686,0,bid,87186.10,1.271,delta
1766167859479,501340776686,0,bid,87185.80,2.073,delta
1766167859479,501340776686,0,ask,87202.80,0.512,delta
1766167859479,501340776686,0,ask,87203.40,0.094,delta
1766167859479,501340776686,0,ask,87203.60,0.925,delta
1766167859499,501340776848,0,bid,87201.10,0.573,delta
1766167859499,501340776848,0,bid,87197.70,0.326,delta
1766167859499,501340776848,0,bid,87186.70,0.005,delta
1766167859499,501340776848,0,bid,87186.20,2.066,delta
1766167859499,501340776848,0,bid,87186.10,1.266,delta
1766167859499,501340776848,0,bid,87185.90,1.798,delta
1766167859499,501340776848,0,bid,87185.80,0.009,delta
1766167859499,501340776848,0,bid,87185.70,0,delta
1766167859499,501340776848,0,ask,87203.60,0.945,delta
1766167859499,501340776848,0,ask,87205.60,0.004,delta
1766167859499,501340776848,0,ask,87206.30,0.003,delta
1766167859519,501340776959,0,bid,87201.10,0.574,delta
1766167859519,501340776959,0,bid,87199.90,0,delta
1766167859519,501340776959,0,bid,87187.40,0.006,delta
1766167859519,501340776959,0,bid,87186.70,0,delta
1766167859519,501340776959,0,bid,87185.90,0.562,delta
1766167859519,501340776959,0,bid,87185.70,0.001,delta
1766167859519,501340776959,0,bid,87185.50,0.012,delta
1766167859519,501340776959,0,ask,87205.60,0.104,delta
1766167859559,501340777105,0,bid,87201.10,0.819,delta
1766167859559,501340777105,0,bid,87197.70,0.100,delta
1766167859559,501340777105,0,bid,87197.60,0.002,delta
1766167859559,501340777105,0,bid,87187.70,0.006,delta
1766167859559,501340777105,0,bid,87187.40,0.001,delta
1766167859559,501340777105,0,ask,87201.20,1.450,delta
1766167859559,501340777105,0,ask,87209.00,0.078,delta
1766167859559,501340777105,0,ask,87210.40,0,delta
1766167859579,501340777161,0,bid,87201.10,0.887,delta
1766167859579,501340777161,0,bid,87186.30,2.065,delta
1766167859579,501340777161,0,bid,87186.20,0.002,delta
1766167859579,501340777161,0,ask,87205.60,0.131,delta
1766167859700,501340777354,0,bid,87186.90,0,delta
1766167859700,501340777354,0,bid,87186.60,0.005,delta
1766167859700,501340777354,0,ask,87205.60,0.231,delta
1766167859780,501340777421,0,bid,87192.00,0.076,delta
1766167859780,501340777421,0,ask,87202.80,0.314,delta
1766167859780,501340777421,0,ask,87210.20,0.031,delta
1766167859839,501340777601,0,bid,87201.10,0.819,delta
1766167859839,501340777601,0,bid,87194.60,0.026,delta
1766167859839,501340777601,0,bid,87187.30,0.009,delta
1766167859839,501340777601,0,bid,87186.70,0,delta
1766167859839,501340777601,0,ask,87201.20,1.027,delta
1766167859839,501340777601,0,ask,87205.60,0.131,delta
1766167859839,501340777601,0,ask,87209.90,0.419,delta
1766167859839,501340777601,0,ask,87210.20,0.011,delta
1766167859899,501340777751,0,bid,87201.10,0.737,delta
1766167859899,501340777751,0,bid,87201.00,0.019,delta
1766167859899,501340777751,0,ask,87205.60,0.231,delta
1766167859899,501340777751,0,ask,87208.00,0.070,delta
1766167859919,501340777822,0,bid,87201.10,0.819,delta
1766167859919,501340777822,0,bid,87187.30,0.004,delta
1766167859919,501340777822,0,bid,87187.20,0.015,delta
1766167859919,501340777822,0,bid,87186.30,2.064,delta
1766167859919,501340777822,0,bid,87186.20,0.002,delta
1766167859919,501340777822,0,bid,87185.50,0,delta
1766167859919,501340777822,0,ask,87208.00,0.050,delta
1766167859939,501340777874,0,bid,87187.20,0.010,delta
1766167859939,501340777874,0,bid,87187.00,0.005,delta
1766167859939,501340777874,0,bid,87186.40,2.068,delta
1766167859939,501340777874,0,bid,87186.30,0,delta
1766167859939,501340777874,0,ask,87201.20,1.027,delta
1766167860079,501340778219,0,bid,87193.30,0.017,delta
1766167860079,501340778219,0,bid,87192.30,0.401,delta
1766167860079,501340778219,0,bid,87187.80,0.005,delta
1766167860079,501340778219,0,bid,87187.70,2.065,delta
1766167860079,501340778219,0,bid,87187.00,0,delta
1766167860079,501340778219,0,bid,87186.20,0.002,delta
1766167860079,501340778219,0,bid,87185.70,0,delta
1766167860079,501340778219,0,ask,87205.60,0.131,delta
1766167860099,501340778267,0,bid,87188.00,0.001,delta
1766167860099,501340778267,0,bid,87185.80,0,delta
1766167860099,501340778267,0,ask,87201.20,1.030,delta
1766167860099,501340778267,0,ask,87206.30,0,delta
1766167860099,501340778267,0,ask,87210.60,0.001,delta
1766167860119,501340778362,0,bid,87192.40,2.271,delta
1766167860119,501340778362,0,bid,87190.20,0,delta
1766167860119,501340778362,0,bid,87188.00,2.065,delta
1766167860119,501340778362,0,bid,87187.80,0,delta
1766167860119,501340778362,0,bid,87187.70,0.001,delta
1766167860119,501340778362,0,bid,87187.40,0.006,delta
1766167860119,501340778362,0,bid,87185.80,0.009,delta
1766167860119,501340778362,0,ask,87201.20,1.029,delta
1766167860119,501340778362,0,ask,87202.50,0,delta
1766167860119,501340778362,0,ask,87210.70,0.001,delta
1766167860139,501340778420,0,bid,87201.10,0.841,delta
1766167860139,501340778420,0,bid,87192.30,0.301,delta
1766167860139,501340778420,0,bid,87190.60,0.020,delta
1766167860139,501340778420,0,bid,87189.10,0.005,delta
1766167860139,501340778420,0,bid,87187.40,0.001,delta
1766167860139,501340778420,0,bid,87185.80,0,delta
1766167860139,501340778420,0,ask,87205.60,0.231,delta
1766167860179,501340778506,0,bid,87201.10,1.137,delta
1766167860179,501340778506,0,bid,87189.10,0,delta
1766167860179,501340778506,0,bid,87188.90,0.005,delta
1766167860179,501340778506,0,ask,87201.20,0.733,delta
1766167860179,501340778506,0,ask,87203.60,0.669,delta
1766167860200,501340778560,0,bid,87194.00,0,delta
1766167860200,501340778560,0,bid,87192.40,2.271,delta
1766167860200,501340778560,0,bid,87189.10,0.005,delta
1766167860200,501340778560,0,bid,87188.90,0,delta
1766167860200,501340778560,0,ask,87202.80,0.226,delta
1766167860200,501340778560,0,ask,87205.60,0.131,delta
1766167860239,501340778661,0,bid,87201.10,1.115,delta
1766167860239,501340778661,0,bid,87195.90,0.017,delta
1766167860239,501340778661,0,bid,87194.90,2.271,delta
1766167860239,501340778661,0,bid,87192.40,0,delta
1766167860239,501340778661,0,bid,87190.60,0.030,delta
1766167860239,501340778661,0,bid,87189.30,0,delta
1766167860239,501340778661,0,bid,87188.00,0.006,delta
1766167860239,501340778661,0,bid,87187.70,2.065,delta
1766167860239,501340778661,0,bid,87187.20,0,delta
1766167860239,501340778661,0,bid,87185.70,0.001,delta
1766167860239,501340778661,0,ask,87201.20,0.728,delta
1766167860279,501340778771,0,bid,87192.30,0.401,delta
1766167860279,501340778771,0,bid,87187.90,2.164,delta
1766167860279,501340778771,0,bid,87187.80,0,delta
1766167860279,501340778771,0,bid,87185.70,0.001,delta
1766167860279,501340778771,0,ask,87201.20,0.618,delta
1766167860279,501340778771,0,ask,87203.60,0.549,delta
1766167860299,501340778879,0,bid,87201.10,1.209,delta
1766167860299,501340778879,0,bid,87196.70,0.120,delta
1766167860299,501340778879,0,bid,87188.20,0.005,delta
1766167860299,501340778879,0,bid,87188.00,0.001,delta
1766167860299,501340778879,0,bid,87187.90,0.100,delta
1766167860299,501340778879,0,bid,87185.70,0,delta
1766167860299,501340778879,0,ask,87201.20,0.210,delta
1766167860299,501340778879,0,ask,87202.80,0.085,delta
1766167860299,501340778879,0,ask,87203.60,0,delta
1766167860299,501340778879,0,ask,87205.20,0.001,delta
1766167860299,501340778879,0,ask,87208.00,0.012,delta
1766167860299,501340778879,0,ask,87210.80,0.224,delta
1766167860319,501340779110,0,bid,87196.80,2.271,delta
1766167860319,501340779110,0,bid,87195.90,0.071,delta
1766167860319,501340779110,0,bid,87195.00,0.678,delta
1766167860319,501340779110,0,bid,87194.90,0,delta
1766167860319,501340779110,0,bid,87192.40,0.429,delta
1766167860319,501340779110,0,bid,87190.10,1.247,delta
1766167860319,501340779110,0,bid,87188.80,0.007,delta
1766167860319,501340779110,0,bid,87188.20,0,delta
1766167860319,501340779110,0,bid,87188.00,2.065,delta
1766167860319,501340779110,0,bid,87185.80,0,delta
1766167860319,501340779110,0,ask,87204.00,0.001,delta
1766167860319,501340779110,0,ask,87205.60,0.004,delta
1766167860319,501340779110,0,ask,87207.10,0,delta
1766167860319,501340779110,0,ask,87208.10,0.005,delta
1766167860319,501340779110,0,ask,87208.30,0.882,delta
1766167860319,501340779110,0,ask,87211.00,0.058,delta
1766167860339,501340779290,0,bid,87198.50,0.017,delta
1766167860339,501340779290,0,bid,87196.80,0,delta
1766167860339,501340779290,0,bid,87196.70,0.020,delta
1766167860339,501340779290,0,bid,87196.00,2.271,delta
1766167860339,501340779290,0,bid,87195.00,0,delta
1766167860339,501340779290,0,bid,87190.60,0.013,delta
1766167860339,501340779290,0,bid,87190.50,0.578,delta
1766167860339,501340779290,0,bid,87190.20,2.064,delta
1766167860339,501340779290,0,bid,87188.80,0.002,delta
1766167860339,501340779290,0,bid,87188.00,0.001,delta
1766167860339,501340779290,0,bid,87185.90,0,delta
1766167860339,501340779290,0,ask,87201.20,0.005,delta
1766167860339,501340779290,0,ask,87205.60,0.131,delta
1766167860339,501340779290,0,ask,87207.00,0.001,delta
1766167860339,501340779290,0,ask,87211.00,0.020,delta
1766167860359,501340779701,0,bid,87199.30,0.002,delta
1766167860359,501340779701,0,bid,87190.60,2.077,delta
1766167860359,501340779701,0,bid,87190.30,2.612,delta
1766167860359,501340779701,0,bid,87190.20,0,delta
1766167860359,501340779701,0,bid,87190.10,0.002,delta
1766167860359,501340779701,0,ask,87203.20,0.114,delta
1766167860359,501340779701,0,ask,87204.80,0,delta
1766167860379,501340780154,0,bid,87201.10,1.855,delta
1766167860379,501340780154,0,bid,87192.40,0.986,delta
1766167860379,501340780154,0,bid,87190.60,0.013,delta
1766167860379,501340780154,0,bid,87190.50,0.573,delta
1766167860379,501340780154,0,bid,87190.40,1.502,delta
1766167860379,501340780154,0,bid,87190.30,1.275,delta
1766167860379,501340780154,0,bid,87190.10,2.066,delta
1766167860379,501340780154,0,bid,87189.80,0.005,delta
1766167860379,501340780154,0,bid,87186.10,0,delta
1766167860379,501340780154,0,ask,87201.20,0.584,delta
1766167860379,501340780154,0,ask,87203.20,0,delta
1766167860379,501340780154,0,ask,87209.90,0.146,delta
1766167860379,501340780154,0,ask,87211.10,1.344,delta
1766167860399,501340780496,0,bid,87202.70,3.927,delta
1766167860399,501340780496,0,bid,87201.20,0.001,delta
1766167860399,501340780496,0,bid,87201.10,3.490,delta
1766167860399,501340780496,0,bid,87201.00,0.117,delta
1766167860399,501340780496,0,bid,87199.00,0.098,delta
1766167860399,501340780496,0,bid,87196.70,0.120,delta
1766167860399,501340780496,0,bid,87196.00,0,delta
1766167860399,501340780496,0,bid,87192.50,0.519,delta
1766167860399,501340780496,0,bid,87192.40,0.429,delta
1766167860399,501340780496,0,bid,87190.80,0.256,delta
1766167860399,501340780496,0,bid,87190.60,4.133,delta
1766167860399,501340780496,0,bid,87190.50,0.025,delta
1766167860399,501340780496,0,bid,87190.30,1.266,delta
1766167860399,501340780496,0,bid,87190.10,0.002,delta
1766167860399,501340780496,0,bid,87189.80,0,delta
1766167860399,501340780496,0,bid,87188.30,0.520,delta
1766167860399,501340780496,0,bid,87187.30,0.091,delta
1766167860399,501340780496,0,bid,87186.40,0,delta
1766167860399,501340780496,0,bid,87186.20,0,delta
1766167860399,501340780496,0,ask,87201.20,0,delta
1766167860399,501340780496,0,ask,87203.40,0.085,delta
1766167860399,501340780496,0,ask,87203.70,0,delta
1766167860399,501340780496,0,ask,87204.20,0,delta
1766167860399,501340780496,0,ask,87204.30,0.573,delta
1766167860399,501340780496,0,ask,87204.60,0,delta
1766167860399,501340780496,0,ask,87205.10,0,delta
1766167860399,501340780496,0,ask,87208.30,0.020,delta
1766167860399,501340780496,0,ask,87209.90,0.077,delta
1766167860399,501340780496,0,ask,87210.00,0.018,delta
1766167860399,501340780496,0,ask,87211.10,0.078,delta
1766167860399,501340780496,0,ask,87211.30,0.012,delta
1766167860399,501340780496,0,ask,87211.40,0.008,delta
1766167860399,501340780496,0,ask,87211.50,0.004,delta
1766167860399,501340780496,0,ask,87211.60,0.024,delta
1766167860419,501340782363,0,bid,87203.90,0.242,delta
1766167860419,501340782363,0,bid,87203.40,3.057,delta
1766167860419,501340782363,0,bid,87203.30,2.227,delta
1766167860419,501340782363,0,bid,87203.00,2.628,delta
1766167860419,501340782363,0,bid,87202.80,8.028,delta
1766167860419,501340782363,0,bid,87202.70,0.645,delta
1766167860419,501340782363,0,bid,87201.40,0.007,delta
1766167860419,501340782363,0,bid,87201.20,0,delta
1766167860419,501340782363,0,bid,87201.10,3.098,delta
1766167860419,501340782363,0,bid,87201.00,0.118,delta
1766167860419,501340782363,0,bid,87198.60,0.121,delta
1766167860419,501340782363,0,bid,87194.70,0.240,delta
1766167860419,501340782363,0,bid,87194.20,0.009,delta
1766167860419,501340782363,0,bid,87194.00,0.005,delta
1766167860419,501340782363,0,bid,87193.20,1.266,delta
1766167860419,501340782363,0,bid,87192.40,1.518,delta
1766167860419,501340782363,0,bid,87192.00,0.080,delta
1766167860419,501340782363,0,bid,87191.80,0.004,delta
1766167860419,501340782363,0,bid,87191.50,0.006,delta
1766167860419,501340782363,0,bid,87191.20,0.012,delta
1766167860419,501340782363,0,bid,87190.90,0.004,delta
1766167860419,501340782363,0,bid,87190.60,4.173,delta
1766167860419,501340782363,0,bid,87190.50,0.024,delta
1766167860419,501340782363,0,bid,87190.40,1.506,delta
1766167860419,501340782363,0,bid,87190.30,1.270,delta
1766167860419,501340782363,0,bid,87190.20,0.008,delta
1766167860419,501340782363,0,bid,87190.10,0,delta
1766167860419,501340782363,0,bid,87190.00,0,delta
1766167860419,501340782363,0,bid,87189.70,0,delta
1766167860419,501340782363,0,bid,87189.50,0,delta
1766167860419,501340782363,0,bid,87188.80,0,delta
1766167860419,501340782363,0,bid,87188.30,0,delta
1766167860419,501340782363,0,bid,87188.00,0,delta
1766167860419,501340782363,0,bid,87187.90,0,delta
1766167860419,501340782363,0,bid,87187.70,0,delta
1766167860419,501340782363,0,bid,87187.60,0,delta
1766167860419,501340782363,0,bid,87187.50,0,delta
1766167860419,501340782363,0,bid,87187.40,0,delta
1766167860419,501340782363,0,bid,87187.30,0,delta
1766167860419,501340782363,0,ask,87202.80,0,delta
1766167860419,501340782363,0,ask,87202.90,0,delta
1766167860419,501340782363,0,ask,87203.10,0,delta
1766167860419,501340782363,0,ask,87203.40,0,delta
1766167860419,501340782363,0,ask,87203.50,0,delta
1766167860419,501340782363,0,ask,87204.30,0,delta
1766167860419,501340782363,0,ask,87205.20,0,delta
1766167860419,501340782363,0,ask,87205.60,0,delta
1766167860419,501340782363,0,ask,87206.80,0.001,delta
1766167860419,501340782363,0,ask,87207.00,0,delta
1766167860419,501340782363,0,ask,87207.60,0,delta
1766167860419,501340782363,0,ask,87207.90,0,delta
1766167860419,501340782363,0,ask,87208.00,0.004,delta
1766167860419,501340782363,0,ask,87208.10,0.001,delta
1766167860419,501340782363,0,ask,87208.20,0.114,delta
1766167860419,501340782363,0,ask,87208.30,0.004,delta
1766167860419,501340782363,0,ask,87208.60,0,delta
1766167860419,501340782363,0,ask,87208.80,0,delta
1766167860419,501340782363,0,ask,87208.90,0,delta
1766167860419,501340782363,0,ask,87209.30,0,delta
1766167860419,501340782363,0,ask,87209.50,0,delta
1766167860419,501340782363,0,ask,87209.60,0,delta
1766167860419,501340782363,0,ask,87209.80,0,delta
1766167860419,501340782363,0,ask,87209.90,0,delta
1766167860419,501340782363,0,ask,87210.00,0.014,delta
1766167860419,501340782363,0,ask,87210.10,0,delta
1766167860419,501340782363,0,ask,87210.30,0.005,delta
1766167860419,501340782363,0,ask,87210.40,0.004,delta
1766167860419,501340782363,0,ask,87210.60,0,delta
1766167860419,501340782363,0,ask,87210.80,0.044,delta
1766167860419,501340782363,0,ask,87211.00,0.004,delta
1766167860419,501340782363,0,ask,87211.10,0.001,delta
1766167860419,501340782363,0,ask,87211.30,0.008,delta
1766167860419,501340782363,0,ask,87211.40,0,delta
1766167860419,501340782363,0,ask,87211.50,0,delta
1766167860419,501340782363,0,ask,87211.60,0.145,delta
1766167860419,501340782363,0,ask,87211.80,0.005,delta
1766167860419,501340782363,0,ask,87211.90,0.045,delta
1766167860419,501340782363,0,ask,87212.00,0.001,delta
1766167860419,501340782363,0,ask,87212.10,0.010,delta
1766167860419,501340782363,0,ask,87212.30,0.004,delta
1766167860419,501340782363,0,ask,87212.40,0.002,delta
1766167860419,501340782363,0,ask,87212.80,0.016,delta
1766167860419,501340782363,0,ask,87212.90,0.109,delta
1766167860419,501340782363,0,ask,87213.00,0.011,delta
1766167860419,501340782363,0,ask,87213.10,0.003,delta
1766167860419,501340782363,0,ask,87213.20,0.001,delta
1766167860419,501340782363,0,ask,87213.30,0.012,delta
1766167860419,501340782363,0,ask,87213.40,0.129,delta
1766167860419,501340782363,0,ask,87213.50,0.008,delta
1766167860419,501340782363,0,ask,87213.60,0.001,delta
1766167860419,501340782363,0,ask,87213.80,0.027,delta
1766167860419,501340782363,0,ask,87213.90,0.025,delta
1766167860419,501340782363,0,ask,87214.00,0.055,delta
1766167860419,501340782363,0,ask,87214.10,0.008,delta
1766167860419,501340782363,0,ask,87214.20,0.002,delta
1766167860419,501340782363,0,ask,87214.30,0.041,delta
1766167860419,501340782363,0,ask,87214.40,0.015,delta
1766167860439,501340783773,0,bid,87204.40,4.013,delta
1766167860439,501340783773,0,bid,87204.00,0.228,delta
1766167860439,501340783773,0,bid,87203.90,2.144,delta
1766167860439,501340783773,0,bid,87203.40,0,delta
1766167860439,501340783773,0,bid,87203.30,0.176,delta
1766167860439,501340783773,0,bid,87203.00,0,delta
1766167860439,501340783773,0,bid,87202.80,0,delta
1766167860439,501340783773,0,bid,87202.70,0.417,delta
1766167860439,501340783773,0,bid,87202.00,0.005,delta
1766167860439,501340783773,0,bid,87201.40,0,delta
1766167860439,501340783773,0,bid,87201.20,2.064,delta
1766167860439,501340783773,0,bid,87201.10,0.827,delta
1766167860439,501340783773,0,bid,87200.50,2.271,delta
1766167860439,501340783773,0,bid,87198.00,0,delta
1766167860439,501340783773,0,bid,87197.80,0,delta
1766167860439,501340783773,0,bid,87196.60,0.001,delta
1766167860439,501340783773,0,bid,87194.90,0.002,delta
1766167860439,501340783773,0,bid,87194.70,0.011,delta
1766167860439,501340783773,0,bid,87194.00,0,delta
1766167860439,501340783773,0,bid,87193.30,2.444,delta
1766167860439,501340783773,0,bid,87192.60,0.005,delta
1766167860439,501340783773,0,bid,87192.50,0.229,delta
1766167860439,501340783773,0,bid,87192.40,0.008,delta
1766167860439,501340783773,0,bid,87190.70,0.220,delta
1766167860439,501340783773,0,bid,87190.60,3.679,delta
1766167860439,501340783773,0,bid,87190.40,0,delta
1766167860439,501340783773,0,bid,87190.30,0,delta
1766167860439,501340783773,0,bid,87190.20,0,delta
1766167860439,501340783773,0,ask,87204.00,0,delta
1766167860439,501340783773,0,ask,87204.10,0,delta
1766167860439,501340783773,0,ask,87204.50,0.023,delta
1766167860439,501340783773,0,ask,87208.20,0,delta
1766167860439,501340783773,0,ask,87211.00,0.001,delta
1766167860439,501340783773,0,ask,87211.90,0.018,delta
1766167860439,501340783773,0,ask,87212.80,0.004,delta
1766167860439,501340783773,0,ask,87212.90,0.103,delta
1766167860439,501340783773,0,ask,87213.00,0.005,delta
1766167860439,501340783773,0,ask,87213.10,0,delta
1766167860439,501340783773,0,ask,87213.30,0,delta
1766167860439,501340783773,0,ask,87213.80,0.024,delta
1766167860439,501340783773,0,ask,87213.90,0.018,delta
1766167860439,501340783773,0,ask,87214.20,0.001,delta
1766167860439,501340783773,0,ask,87214.50,0.013,delta
1766167860439,501340783773,0,ask,87214.60,0.004,delta
1766167860439,501340783773,0,ask,87214.70,2.045,delta
1766167860439,501340783773,0,ask,87214.80,0.004,delta
1766167860439,501340783773,0,ask,87214.90,0.021,delta
1766167860459,501340784341,0,bid,87204.40,2.967,delta
1766167860459,501340784341,0,bid,87204.00,0,delta
1766167860459,501340784341,0,bid,87203.90,1.730,delta
1766167860459,501340784341,0,bid,87203.80,0.001,delta
1766167860459,501340784341,0,bid,87202.00,0,delta
1766167860459,501340784341,0,bid,87201.80,0.017,delta
1766167860459,501340784341,0,bid,87201.20,0,delta
1766167860459,501340784341,0,bid,87201.10,0.713,delta
1766167860459,501340784341,0,bid,87200.90,0.005,delta
1766167860459,501340784341,0,bid,87198.50,0,delta
1766167860459,501340784341,0,bid,87193.10,0.001,delta
1766167860459,501340784341,0,bid,87190.70,0,delta
1766167860459,501340784341,0,bid,87190.40,1.107,delta
1766167860459,501340784341,0,ask,87204.50,0.173,delta
1766167860459,501340784341,0,ask,87210.00,0.010,delta
1766167860459,501340784341,0,ask,87210.80,0,delta
1766167860459,501340784341,0,ask,87213.00,0.004,delta
1766167860459,501340784341,0,ask,87214.70,0.303,delta
1766167860459,501340784341,0,ask,87215.00,0.009,delta
1766167860479,501340785264,0,bid,87205.60,4.254,delta
1766167860479,501340785264,0,bid,87205.00,0.962,delta
1766167860479,501340785264,0,bid,87204.90,1.566,delta
1766167860479,501340785264,0,bid,87204.50,0.962,delta
1766167860479,501340785264,0,bid,87204.40,0.985,delta
1766167860479,501340785264,0,bid,87203.90,0.416,delta
1766167860479,501340785264,0,bid,87202.70,2.756,delta
1766167860479,501340785264,0,bid,87201.20,0.100,delta
1766167860479,501340785264,0,bid,87201.10,0.610,delta
1766167860479,501340785264,0,bid,87200.90,0,delta
1766167860479,501340785264,0,bid,87200.50,0,delta
1766167860479,501340785264,0,bid,87196.90,0.011,delta
1766167860479,501340785264,0,bid,87193.60,0.001,delta
1766167860479,501340785264,0,bid,87190.90,0,delta
1766167860479,501340785264,0,bid,87190.80,0,delta
1766167860479,501340785264,0,bid,87190.60,0,delta
1766167860479,501340785264,0,bid,87190.50,0,delta
1766167860479,501340785264,0,bid,87190.40,0,delta
1766167860479,501340785264,0,ask,87204.50,0,delta
1766167860479,501340785264,0,ask,87205.00,0,delta
1766167860479,501340785264,0,ask,87206.50,0,delta
1766167860479,501340785264,0,ask,87210.70,0.114,delta
1766167860479,501340785264,0,ask,87211.60,0.007,delta
1766167860479,501340785264,0,ask,87211.90,0.005,delta
1766167860479,501340785264,0,ask,87212.10,0,delta
1766167860479,501340785264,0,ask,87212.90,0.001,delta
1766167860479,501340785264,0,ask,87213.60,0,delta
1766167860479,501340785264,0,ask,87213.90,0.004,delta
1766167860479,501340785264,0,ask,87214.30,0.027,delta
1766167860479,501340785264,0,ask,87214.60,1.270,delta
1766167860479,501340785264,0,ask,87214.70,0.093,delta
1766167860479,501340785264,0,ask,87215.10,0.004,delta
1766167860479,501340785264,0,ask,87215.30,0.027,delta
1766167860479,501340785264,0,ask,87215.40,0.004,delta
1766167860479,501340785264,0,ask,87215.50,0.012,delta
1766167860479,501340785264,0,ask,87215.60,0.016,delta
1766167860499,501340786648,0,bid,87207.90,2.968,delta
1766167860499,501340786648,0,bid,87207.20,0.229,delta
1766167860499,501340786648,0,bid,87207.10,2.339,delta
1766167860499,501340786648,0,bid,87206.70,1.888,delta
1766167860499,501340786648,0,bid,87205.70,0.501,delta
1766167860499,501340786648,0,bid,87205.60,0.111,delta
1766167860499,501340786648,0,bid,87205.00,0,delta
1766167860499,501340786648,0,bid,87204.90,0.200,delta
1766167860499,501340786648,0,bid,87204.50,0,delta
1766167860499,501340786648,0,bid,87204.40,0,delta
1766167860499,501340786648,0,bid,87204.20,0.005,delta
1766167860499,501340786648,0,bid,87202.80,1.077,delta
1766167860499,501340786648,0,bid,87202.70,2.758,delta
1766167860499,501340786648,0,bid,87201.20,0,delta
1766167860499,501340786648,0,bid,87201.10,0.575,delta
1766167860499,501340786648,0,bid,87195.00,0.005,delta
1766167860499,501340786648,0,bid,87193.30,2.501,delta
1766167860499,501340786648,0,bid,87192.90,0.057,delta
1766167860499,501340786648,0,bid,87192.60,0,delta
1766167860499,501340786648,0,bid,87191.80,0,delta
1766167860499,501340786648,0,bid,87191.70,0,delta
1766167860499,501340786648,0,bid,87191.50,0,delta
1766167860499,501340786648,0,bid,87191.20,0,delta
1766167860499,501340786648,0,ask,87205.70,0,delta
1766167860499,501340786648,0,ask,87205.90,0,delta
1766167860499,501340786648,0,ask,87206.10,0,delta
1766167860499,501340786648,0,ask,87206.80,0,delta
1766167860499,501340786648,0,ask,87207.20,0,delta
1766167860499,501340786648,0,ask,87207.30,0,delta
1766167860499,501340786648,0,ask,87208.00,0.409,delta
1766167860499,501340786648,0,ask,87209.30,0.001,delta
1766167860499,501340786648,0,ask,87210.70,0,delta
1766167860499,501340786648,0,ask,87213.40,0.004,delta
1766167860499,501340786648,0,ask,87214.00,0.001,delta
1766167860499,501340786648,0,ask,87214.30,0.024,delta
1766167860499,501340786648,0,ask,87214.40,0.012,delta
1766167860499,501340786648,0,ask,87214.70,0,delta
1766167860499,501340786648,0,ask,87214.90,0.020,delta
1766167860499,501340786648,0,ask,87215.30,0.024,delta
1766167860499,501340786648,0,ask,87215.80,0.028,delta
1766167860499,501340786648,0,ask,87215.90,0.008,delta
1766167860499,501340786648,0,ask,87216.00,0.081,delta
1766167860499,501340786648,0,ask,87216.10,0.015,delta
1766167860499,501340786648,0,ask,87216.30,0.016,delta
1766167860499,501340786648,0,ask,87216.50,0.008,delta
1766167860499,501340786648,0,ask,87216.60,0.018,delta
1766167860519,501340787170,0,bid,87207.90,2.643,delta
1766167860519,501340787170,0,bid,87207.20,0,delta
1766167860519,501340787170,0,bid,87207.10,0,delta
1766167860519,501340787170,0,bid,87207.00,0.001,delta
1766167860519,501340787170,0,bid,87206.70,0.429,delta
1766167860519,501340787170,0,bid,87205.70,0.165,delta
1766167860519,501340787170,0,bid,87204.20,0,delta
1766167860519,501340787170,0,bid,87204.10,2.271,delta
1766167860519,501340787170,0,bid,87203.90,0.376,delta
1766167860519,501340787170,0,bid,87202.90,2.064,delta
1766167860519,501340787170,0,bid,87202.80,1.082,delta
1766167860519,501340787170,0,bid,87202.70,0.445,delta
1766167860519,501340787170,0,bid,87201.10,0.577,delta
1766167860519,501340787170,0,bid,87197.10,0.001,delta
1766167860519,501340787170,0,bid,87195.00,0,delta
1766167860519,501340787170,0,bid,87193.70,0.005,delta
1766167860519,501340787170,0,bid,87193.60,0.019,delta
1766167860519,501340787170,0,bid,87193.30,2.730,delta
1766167860519,501340787170,0,bid,87192.50,0,delta
1766167860519,501340787170,0,ask,87208.00,0.235,delta
1766167860519,501340787170,0,ask,87214.50,0.478,delta
1766167860539,501340787482,0,bid,87207.90,2.645,delta
1766167860539,501340787482,0,bid,87206.70,0.200,delta
1766167860539,501340787482,0,bid,87205.70,0,delta
1766167860539,501340787482,0,bid,87204.10,0,delta
1766167860539,501340787482,0,bid,87203.40,0.005,delta
1766167860539,501340787482,0,bid,87202.80,2.271,delta
1766167860539,501340787482,0,bid,87201.10,0.575,delta
1766167860539,501340787482,0,bid,87200.40,0.003,delta
1766167860539,501340787482,0,bid,87191.80,0.004,delta
1766167860539,501340787482,0,ask,87208.00,0.002,delta
1766167860559,501340787690,0,bid,87207.90,2.643,delta
1766167860559,501340787690,0,bid,87205.60,0.179,delta
1766167860559,501340787690,0,bid,87203.40,0,delta
1766167860559,501340787690,0,bid,87202.90,0,delta
1766167860559,501340787690,0,bid,87202.80,0,delta
1766167860559,501340787690,0,bid,87202.20,0.005,delta
1766167860559,501340787690,0,bid,87201.90,2.271,delta
1766167860559,501340787690,0,bid,87201.20,2.064,delta
1766167860559,501340787690,0,bid,87200.80,0.573,delta
1766167860559,501340787690,0,bid,87194.10,0.020,delta
1766167860559,501340787690,0,bid,87193.70,0,delta
1766167860559,501340787690,0,bid,87193.00,0.005,delta
1766167860559,501340787690,0,bid,87191.90,0,delta
1766167860559,501340787690,0,bid,87191.80,0,delta
1766167860559,501340787690,0,ask,87208.30,0.013,delta
1766167860579,501340788488,0,bid,87207.90,2.754,delta
1766167860579,501340788488,0,bid,87205.30,0.017,delta
1766167860579,501340788488,0,bid,87204.00,2.271,delta
1766167860579,501340788488,0,bid,87201.90,0,delta
1766167860579,501340788488,0,bid,87201.80,0,delta
1766167860579,501340788488,0,bid,87201.20,0,delta
1766167860579,501340788488,0,bid,87199.40,0.008,delta
1766167860579,501340788488,0,bid,87199.30,0.006,delta
1766167860579,501340788488,0,bid,87199.20,0.004,delta
1766167860579,501340788488,0,bid,87198.80,0.008,delta
1766167860579,501340788488,0,bid,87197.90,0.004,delta
1766167860579,501340788488,0,bid,87197.80,0.022,delta
1766167860579,501340788488,0,bid,87197.70,0.008,delta
1766167860579,501340788488,0,bid,87197.60,0.070,delta
1766167860579,501340788488,0,bid,87197.50,0.040,delta
1766167860579,501340788488,0,bid,87197.40,0.012,delta
1766167860579,501340788488,0,bid,87197.00,0.004,delta
1766167860579,501340788488,0,bid,87196.70,0.132,delta
1766167860579,501340788488,0,bid,87196.40,0.008,delta
1766167860579,501340788488,0,bid,87196.30,0.008,delta
1766167860579,501340788488,0,bid,87196.20,0.052,delta
1766167860579,501340788488,0,bid,87196.10,0.068,delta
1766167860579,501340788488,0,bid,87196.00,0.008,delta
1766167860579,501340788488,0,bid,87195.90,0.054,delta
1766167860579,501340788488,0,bid,87195.80,0.014,delta
1766167860579,501340788488,0,bid,87195.60,0.148,delta
1766167860579,501340788488,0,bid,87195.40,0.008,delta
1766167860579,501340788488,0,bid,87195.30,0.016,delta
1766167860579,501340788488,0,bid,87195.10,0.012,delta
1766167860579,501340788488,0,bid,87195.00,0.020,delta
1766167860579,501340788488,0,bid,87194.90,0.026,delta
1766167860579,501340788488,0,bid,87194.80,0,delta
1766167860579,501340788488,0,bid,87194.70,0,delta
1766167860579,501340788488,0,bid,87194.60,0,delta
1766167860579,501340788488,0,bid,87194.50,0,delta
1766167860579,501340788488,0,bid,87194.20,0,delta
1766167860579,501340788488,0,bid,87194.10,0,delta
1766167860579,501340788488,0,bid,87193.90,0,delta
1766167860579,501340788488,0,bid,87193.60,0,delta
1766167860579,501340788488,0,bid,87193.30,0,delta
1766167860579,501340788488,0,bid,87193.20,0,delta
1766167860579,501340788488,0,bid,87193.10,0,delta
1766167860579,501340788488,0,bid,87193.00,0,delta
1766167860579,501340788488,0,bid,87192.90,0,delta
1766167860579,501340788488,0,bid,87192.40,0,delta
1766167860579,501340788488,0,bid,87192.30,0,delta
1766167860579,501340788488,0,bid,87192.10,0,delta
1766167860579,501340788488,0,bid,87192.00,0,delta
1766167860579,501340788488,0,ask,87208.30,0.009,delta
1766167860579,501340788488,0,ask,87210.00,0.002,delta
1766167860579,501340788488,0,ask,87210.30,0.001,delta
1766167860579,501340788488,0,ask,87210.40,0,delta
1766167860579,501340788488,0,ask,87211.60,0.003,delta
1766167860579,501340788488,0,ask,87211.80,0.001,delta
1766167860579,501340788488,0,ask,87211.90,0.001,delta
1766167860579,501340788488,0,ask,87212.30,0,delta
1766167860579,501340788488,0,ask,87212.80,0,delta
1766167860579,501340788488,0,ask,87213.00,0,delta
1766167860579,501340788488,0,ask,87213.50,0,delta
1766167860579,501340788488,0,ask,87213.80,0,delta
1766167860579,501340788488,0,ask,87213.90,0,delta
1766167860579,501340788488,0,ask,87214.10,0,delta
1766167860579,501340788488,0,ask,87214.30,0,delta
1766167860579,501340788488,0,ask,87214.40,0.004,delta
1766167860579,501340788488,0,ask,87214.50,0.474,delta
1766167860579,501340788488,0,ask,87214.60,1.266,delta
1766167860579,501340788488,0,ask,87214.80,0,delta
1766167860579,501340788488,0,ask,87214.90,0,delta
1766167860579,501340788488,0,ask,87215.00,0.001,delta
1766167860579,501340788488,0,ask,87215.10,0,delta
1766167860579,501340788488,0,ask,87215.30,0,delta
1766167860579,501340788488,0,ask,87215.40,0,delta
1766167860579,501340788488,0,ask,87215.50,0,delta
1766167860579,501340788488,0,ask,87215.60,0,delta
1766167860579,501340788488,0,ask,87215.80,0,delta
1766167860579,501340788488,0,ask,87215.90,0,delta
1766167860579,501340788488,0,ask,87216.00,0.077,delta
1766167860579,501340788488,0,ask,87216.30,0.004,delta
1766167860579,501340788488,0,ask,87216.50,0,delta
1766167860579,501340788488,0,ask,87216.60,0.010,delta
1766167860579,501340788488,0,ask,87216.70,0.076,delta
1766167860579,501340788488,0,ask,87216.80,0.002,delta
1766167860579,501340788488,0,ask,87217.20,1.075,delta
1766167860579,501340788488,0,ask,87217.30,1.266,delta
1766167860579,501340788488,0,ask,87217.40,0.041,delta
1766167860579,501340788488,0,ask,87217.50,0.002,delta
1766167860579,501340788488,0,ask,87217.60,0.012,delta
1766167860579,501340788488,0,ask,87217.80,0.013,delta
1766167860579,501340788488,0,ask,87217.90,0.031,delta
1766167860579,501340788488,0,ask,87218.00,0.003,delta
1766167860579,501340788488,0,ask,87218.10,0.015,delta
1766167860579,501340788488,0,ask,87218.30,0.010,delta
1766167860579,501340788488,0,ask,87218.40,0.003,delta
1766167860579,501340788488,0,ask,87218.50,0.012,delta
1766167860579,501340788488,0,ask,87218.60,0.066,delta
1766167860579,501340788488,0,ask,87218.80,0.024,delta
1766167860579,501340788488,0,ask,87218.90,0.103,delta
1766167860579,501340788488,0,ask,87219.00,0.011,delta
1766167860579,501340788488,0,ask,87219.10,0.009,delta
1766167860619,501340788959,0,bid,87207.00,0.651,delta
1766167860619,501340788959,0,bid,87204.00,0,delta
1766167860619,501340788959,0,bid,87203.00,2.271,delta
1766167860619,501340788959,0,bid,87202.20,0,delta
1766167860619,501340788959,0,bid,87201.90,0.005,delta
1766167860619,501340788959,0,bid,87201.00,0.101,delta
1766167860619,501340788959,0,bid,87200.40,0.001,delta
1766167860619,501340788959,0,ask,87214.50,0.473,delta
1766167860639,501340789414,0,bid,87208.20,5.445,delta
1766167860639,501340789414,0,bid,87208.10,0.001,delta
1766167860639,501340789414,0,bid,87207.90,0.852,delta
1766167860639,501340789414,0,bid,87206.70,0.918,delta
1766167860639,501340789414,0,bid,87205.60,0.069,delta
1766167860639,501340789414,0,bid,87203.50,0,delta
1766167860639,501340789414,0,bid,87201.90,0,delta
1766167860639,501340789414,0,bid,87201.80,0.005,delta
1766167860639,501340789414,0,bid,87195.10,0,delta
1766167860639,501340789414,0,ask,87208.00,0,delta
1766167860639,501340789414,0,ask,87208.10,0,delta
1766167860639,501340789414,0,ask,87208.30,0.010,delta
1766167860639,501340789414,0,ask,87211.90,0.021,delta
1766167860639,501340789414,0,ask,87217.00,0.363,delta
1766167860639,501340789414,0,ask,87218.90,0.003,delta
1766167860639,501340789414,0,ask,87219.30,0.015,delta
1766167860659,501340789595,0,bid,87206.70,0.986,delta
1766167860659,501340789595,0,bid,87205.60,0.651,delta
1766167860659,501340789595,0,bid,87205.00,0.001,delta
1766167860659,501340789595,0,bid,87201.80,0,delta
1766167860659,501340789595,0,bid,87201.60,0.005,delta
1766167860659,501340789595,0,bid,87201.00,0.099,delta
1766167860659,501340789595,0,bid,87195.30,0,delta
1766167860659,501340789595,0,ask,87208.30,0.160,delta
1766167860659,501340789595,0,ask,87218.60,0.065,delta
1766167860679,501340789819,0,bid,87208.20,4.050,delta
1766167860679,501340789819,0,bid,87207.90,1.137,delta
1766167860679,501340789819,0,bid,87207.40,0.001,delta
1766167860679,501340789819,0,bid,87201.60,0,delta
1766167860679,501340789819,0,bid,87201.20,0.005,delta
1766167860679,501340789819,0,bid,87201.10,0.332,delta
1766167860679,501340789819,0,bid,87200.90,2.064,delta
1766167860679,501340789819,0,bid,87195.40,0,delta
1766167860679,501340789819,0,ask,87208.30,0.238,delta
1766167860679,501340789819,0,ask,87217.10,0.100,delta
1766167860679,501340789819,0,ask,87218.60,0.064,delta
1766167860679,501340789819,0,ask,87219.30,0,delta
1766167860699,501340789958,0,bid,87201.20,2.069,delta
1766167860699,501340789958,0,bid,87200.90,0,delta
1766167860699,501340789958,0,bid,87195.40,0.008,delta
1766167860699,501340789958,0,ask,87208.30,0.012,delta
1766167860699,501340789958,0,ask,87217.00,0.072,delta
1766167860719,501340790155,0,bid,87208.20,4.049,delta
1766167860719,501340790155,0,bid,87207.90,1.136,delta
1766167860719,501340790155,0,bid,87204.00,2.271,delta
1766167860719,501340790155,0,bid,87203.00,0,delta
1766167860719,501340790155,0,bid,87202.20,0.005,delta
1766167860719,501340790155,0,bid,87201.30,2.064,delta
1766167860719,501340790155,0,bid,87201.20,0,delta
1766167860719,501340790155,0,bid,87195.90,0.283,delta
1766167860719,501340790155,0,bid,87195.40,0,delta
1766167860719,501340790155,0,ask,87217.10,0,delta
1766167860719,501340790155,0,ask,87217.20,1.113,delta
1766167860719,501340790155,0,ask,87219.30,0.015,delta
1766167860739,501340790321,0,bid,87208.20,4.117,delta
1766167860739,501340790321,0,bid,87206.70,0.918,delta
1766167860739,501340790321,0,bid,87202.20,0,delta
1766167860739,501340790321,0,bid,87202.10,0.005,delta
1766167860739,501340790321,0,bid,87201.40,2.986,delta
1766167860739,501340790321,0,bid,87201.30,0,delta
1766167860739,501340790321,0,ask,87211.90,0.001,delta
1766167860739,501340790321,0,ask,87212.60,0.114,delta
1766167860739,501340790321,0,ask,87219.30,0,delta
1766167860759,501340790480,0,bid,87208.20,4.835,delta
1766167860759,501340790480,0,bid,87206.70,0.850,delta
1766167860759,501340790480,0,bid,87203.90,0.377,delta
1766167860759,501340790480,0,bid,87203.80,0.101,delta
1766167860759,501340790480,0,bid,87202.10,0,delta
1766167860759,501340790480,0,bid,87201.80,0.005,delta
1766167860759,501340790480,0,bid,87201.50,1.198,delta
1766167860759,501340790480,0,bid,87201.40,2.064,delta
1766167860759,501340790480,0,bid,87195.50,0,delta
1766167860759,501340790480,0,ask,87212.60,0,delta
1766167860759,501340790480,0,ask,87219.30,0.015,delta
1766167860819,501340790881,0,bid,87202.30,0.005,delta
1766167860819,501340790881,0,bid,87201.60,2.064,delta
1766167860819,501340790881,0,bid,87201.50,0,delta
1766167860819,501340790881,0,bid,87201.30,0.923,delta
1766167860819,501340790881,0,bid,87201.20,0,delta
1766167860819,501340790881,0,ask,87213.40,0.118,delta
1766167860839,501340791000,0,bid,87208.10,0.651,delta
1766167860839,501340791000,0,bid,87207.40,0.651,delta
1766167860839,501340791000,0,bid,87206.70,0.200,delta
1766167860839,501340791000,0,bid,87205.60,0.001,delta
1766167860839,501340791000,0,bid,87201.70,2.987,delta
1766167860839,501340791000,0,bid,87201.60,0,delta
1766167860839,501340791000,0,bid,87201.30,0,delta
1766167860839,501340791000,0,bid,87197.80,0.635,delta
1766167860839,501340791000,0,bid,87195.50,0.001,delta
1766167860839,501340791000,0,ask,87211.90,0.021,delta
1766167860839,501340791000,0,ask,87213.40,0.004,delta
1766167860879,501340791347,0,bid,87208.20,5.109,delta
1766167860879,501340791347,0,bid,87202.40,0.005,delta
1766167860879,501340791347,0,bid,87202.30,0,delta
1766167860879,501340791347,0,bid,87201.70,0,delta
1766167860879,501340791347,0,bid,87195.50,0.005,delta
1766167860879,501340791347,0,ask,87211.90,0.001,delta
1766167860879,501340791347,0,ask,87214.40,0,delta
1766167860879,501340791347,0,ask,87214.50,0.465,delta
1766167860879,501340791347,0,ask,87217.00,0.369,delta
1766167860879,501340791347,0,ask,87217.20,1.075,delta
1766167860879,501340791347,0,ask,87218.50,0.008,delta
1766167860879,501340791347,0,ask,87219.40,0.003,delta
1766167860899,501340791473,0,bid,87205.40,2.273,delta
1766167860899,501340791473,0,bid,87202.40,0,delta
1766167860899,501340791473,0,bid,87201.80,0.307,delta
1766167860899,501340791473,0,bid,87201.60,0.005,delta
1766167860899,501340791473,0,bid,87200.20,0,delta
1766167860899,501340791473,0,bid,87199.10,2.064,delta
1766167860899,501340791473,0,ask,87208.30,0.011,delta
1766167860899,501340791473,0,ask,87217.00,0.496,delta
1766167860919,501340791725,0,bid,87208.20,7.192,delta
1766167860919,501340791725,0,bid,87205.40,0.002,delta
1766167860919,501340791725,0,bid,87201.60,0,delta
1766167860919,501340791725,0,bid,87200.90,2.069,delta
1766167860919,501340791725,0,bid,87199.20,0.527,delta
1766167860919,501340791725,0,bid,87199.10,0,delta
1766167860919,501340791725,0,bid,87198.60,0.001,delta
1766167860919,501340791725,0,bid,87197.10,0.230,delta
1766167860919,501340791725,0,bid,87195.90,0.054,delta
1766167860919,501340791725,0,bid,87195.40,0.008,delta
1766167860919,501340791725,0,ask,87211.00,0.131,delta
1766167860919,501340791725,0,ask,87217.00,0.369,delta
1766167860939,501340791911,0,bid,87208.20,4.921,delta
1766167860939,501340791911,0,bid,87207.10,2.271,delta
1766167860939,501340791911,0,bid,87205.30,0,delta
1766167860939,501340791911,0,bid,87202.60,0.002,delta
1766167860939,501340791911,0,bid,87202.20,0.005,delta
1766167860939,501340791911,0,bid,87201.80,0.883,delta
1766167860939,501340791911,0,bid,87201.10,0.330,delta
1766167860939,501340791911,0,bid,87200.90,0,delta
1766167860939,501340791911,0,bid,87195.40,0,delta
1766167860939,501340791911,0,ask,87216.90,0.114,delta
1766167860939,501340791911,0,ask,87219.40,0,delta
1766167860959,501340792071,0,bid,87208.20,4.621,delta
1766167860959,501340792071,0,bid,87203.00,0.005,delta
1766167860959,501340792071,0,bid,87202.80,2.064,delta
1766167860959,501340792071,0,bid,87202.20,0,delta
1766167860959,501340792071,0,bid,87201.80,0.307,delta
1766167860959,501340792071,0,bid,87195.50,0,delta
1766167860959,501340792071,0,ask,87216.90,0,delta
1766167860959,501340792071,0,ask,87217.40,0,delta
1766167860959,501340792071,0,ask,87219.40,0.003,delta
1766167860959,501340792071,0,ask,87219.50,0.008,delta
1766167861039,501340792740,0,bid,87208.20,4.965,delta
1766167861039,501340792740,0,bid,87203.00,0,delta
1766167861039,501340792740,0,bid,87202.10,0.005,delta
1766167861039,501340792740,0,bid,87201.20,2.064,delta
1766167861039,501340792740,0,bid,87195.60,0,delta
1766167861039,501340792740,0,ask,87218.80,0.138,delta
1766167861059,501340792865,0,bid,87202.00,0.003,delta
1766167861059,501340792865,0,bid,87195.80,0,delta
1766167861059,501340792865,0,ask,87213.40,0.001,delta
1766167861099,501340793196,0,bid,87203.10,1.038,delta
1766167861099,501340793196,0,bid,87202.80,2.064,delta
1766167861099,501340793196,0,bid,87202.10,0,delta
1766167861099,501340793196,0,bid,87201.20,0,delta
1766167861099,501340793196,0,bid,87195.80,0.014,delta
1766167861099,501340793196,0,ask,87208.30,0.014,delta
1766167861099,501340793196,0,ask,87211.60,0,delta
1766167861099,501340793196,0,ask,87217.80,0.127,delta
1766167861099,501340793196,0,ask,87219.50,0.008,delta
1766167861119,501340793335,0,bid,87203.10,1.033,delta
1766167861119,501340793335,0,bid,87203.00,0.005,delta
1766167861119,501340793335,0,bid,87195.80,0,delta
1766167861119,501340793335,0,ask,87217.80,0.013,delta
1766167861139,501340793471,0,bid,87208.20,4.964,delta
1766167861139,501340793471,0,bid,87203.40,0.003,delta
1766167861139,501340793471,0,bid,87203.00,0,delta
1766167861139,501340793471,0,bid,87202.90,0.005,delta
1766167861139,501340793471,0,bid,87195.90,0,delta
1766167861139,501340793471,0,ask,87217.00,0.072,delta
1766167861159,501340793605,0,bid,87203.80,0.001,delta
1766167861159,501340793605,0,bid,87203.20,0.005,delta
1766167861159,501340793605,0,bid,87202.90,2.064,delta
1766167861159,501340793605,0,bid,87202.80,0,delta
1766167861159,501340793605,0,ask,87218.20,0.114,delta
1766167861159,501340793605,0,ask,87219.50,0,delta
1766167861219,501340794052,0,bid,87203.00,0.002,delta
1766167861219,501340794052,0,bid,87202.80,0,delta
1766167861219,501340794052,0,bid,87201.70,0,delta
1766167861219,501340794052,0,bid,87201.60,0.005,delta
1766167861219,501340794052,0,bid,87201.20,2.064,delta
1766167861219,501340794052,0,ask,87217.50,0.116,delta
1766167861219,501340794052,0,ask,87218.20,0,delta
1766167861219,501340794052,0,ask,87219.50,0.008,delta
1766167861239,501340794176,0,bid,87201.80,0.005,delta
1766167861239,501340794176,0,bid,87201.60,0,delta
1766167861239,501340794176,0,ask,87217.50,0.002,delta
1766167861279,501340794418,0,bid,87208.20,4.832,delta
1766167861279,501340794418,0,bid,87203.40,0,delta
1766167861279,501340794418,0,bid,87195.90,0.054,delta
1766167861279,501340794418,0,ask,87208.30,0.021,delta
1766167861279,501340794418,0,ask,87217.80,0.127,delta
1766167861299,501340794568,0,bid,87208.20,7.034,delta
1766167861299,501340794568,0,bid,87207.10,0,delta
1766167861299,501340794568,0,bid,87197.70,0.018,delta
1766167861299,501340794568,0,bid,87195.80,0.014,delta
1766167861299,501340794568,0,ask,87214.50,0,delta
1766167861299,501340794568,0,ask,87217.80,0.013,delta
1766167861299,501340794568,0,ask,87219.60,0.018,delta
1766167861360,501340794905,0,bid,87208.20,7.051,delta
1766167861360,501340794905,0,bid,87208.10,0.668,delta
1766167861360,501340794905,0,ask,87208.30,0.594,delta
1766167861360,501340794905,0,ask,87217.00,0.199,delta
1766167861360,501340794905,0,ask,87219.50,0.003,delta
1766167861379,501340794966,0,bid,87202.20,0,delta
1766167861379,501340794966,0,bid,87201.90,0.005,delta
1766167861379,501340794966,0,ask,87214.50,0.433,delta
1766167861379,501340794966,0,ask,87219.60,0,delta
1766167861439,501340795158,0,bid,87208.20,6.628,delta
1766167861439,501340795158,0,bid,87203.00,0.007,delta
1766167861439,501340795158,0,bid,87201.90,0,delta
1766167861439,501340795158,0,bid,87196.00,0.009,delta
1766167861439,501340795158,0,bid,87195.80,0.014,delta
1766167861439,501340795158,0,ask,87208.30,0.593,delta
1766167861439,501340795158,0,ask,87217.00,0.072,delta
1766167861459,501340795327,0,bid,87208.20,1.704,delta
1766167861459,501340795327,0,bid,87208.10,0.017,delta
1766167861459,501340795327,0,bid,87207.90,0.001,delta
1766167861459,501340795327,0,bid,87207.40,0.001,delta
1766167861459,501340795327,0,bid,87207.00,0.001,delta
1766167861459,501340795327,0,bid,87206.70,0,delta
1766167861459,501340795327,0,bid,87205.70,2.271,delta
1766167861459,501340795327,0,bid,87204.90,0,delta
1766167861459,501340795327,0,bid,87203.90,0.121,delta
1766167861459,501340795327,0,bid,87203.80,0.001,delta
1766167861459,501340795327,0,bid,87203.30,0,delta
1766167861459,501340795327,0,bid,87203.00,0.002,delta
1766167861459,501340795327,0,bid,87202.70,0.121,delta
1766167861459,501340795327,0,bid,87201.20,0,delta
1766167861459,501340795327,0,bid,87201.10,0.301,delta
1766167861459,501340795327,0,bid,87201.00,0.001,delta
1766167861459,501340795327,0,bid,87199.00,0,delta
1766167861459,501340795327,0,bid,87197.10,0.001,delta
1766167861459,501340795327,0,bid,87195.60,0.148,delta
1766167861459,501340795327,0,bid,87195.50,0.005,delta
1766167861459,501340795327,0,bid,87195.40,0.008,delta
1766167861459,501340795327,0,bid,87195.30,0.016,delta
1766167861459,501340795327,0,ask,87208.30,1.121,delta
1766167861459,501340795327,0,ask,87210.90,0.043,delta
1766167861459,501340795327,0,ask,87217.00,0.199,delta
1766167861459,501340795327,0,ask,87217.10,0.100,delta
1766167861459,501340795327,0,ask,87219.40,0,delta
1766167861459,501340795327,0,ask,87219.50,0,delta
1766167861479,501340795559,0,bid,87208.20,1.212,delta
1766167861479,501340795559,0,bid,87208.10,0.001,delta
1766167861479,501340795559,0,bid,87205.70,0,delta
1766167861479,501340795559,0,bid,87203.90,0.001,delta
1766167861479,501340795559,0,bid,87203.10,0,delta
1766167861479,501340795559,0,bid,87202.70,0.001,delta
1766167861479,501340795559,0,bid,87201.30,2.271,delta
1766167861479,501340795559,0,bid,87201.10,0,delta
1766167861479,501340795559,0,bid,87199.90,0,delta
1766167861479,501340795559,0,bid,87199.20,0.004,delta
1766167861479,501340795559,0,bid,87198.20,0.005,delta
1766167861479,501340795559,0,bid,87196.70,0.032,delta
1766167861479,501340795559,0,bid,87195.90,0,delta
1766167861479,501340795559,0,bid,87195.20,0.008,delta
1766167861479,501340795559,0,bid,87195.10,0.065,delta
1766167861479,501340795559,0,bid,87195.00,0.020,delta
1766167861479,501340795559,0,ask,87208.30,1.222,delta
1766167861479,501340795559,0,ask,87210.00,0.003,delta
1766167861479,501340795559,0,ask,87212.70,0.100,delta
1766167861479,501340795559,0,ask,87214.50,0.471,delta
1766167861479,501340795559,0,ask,87217.10,0.622,delta
1766167861479,501340795559,0,ask,87217.20,1.113,delta
1766167861479,501340795559,0,ask,87219.30,0,delta
1766167861499,501340795805,0,bid,87208.20,0.747,delta
1766167861499,501340795805,0,bid,87207.40,0,delta
1766167861499,501340795805,0,bid,87205.00,0,delta
1766167861499,501340795805,0,bid,87203.00,0,delta
1766167861499,501340795805,0,bid,87201.10,0.002,delta
1766167861499,501340795805,0,bid,87200.10,0.030,delta
1766167861499,501340795805,0,bid,87198.20,0,delta
1766167861499,501340795805,0,bid,87197.40,0.017,delta
1766167861499,501340795805,0,bid,87195.10,0.047,delta
1766167861499,501340795805,0,bid,87194.90,0.026,delta
1766167861499,501340795805,0,bid,87194.80,0.025,delta
1766167861499,501340795805,0,ask,87208.30,1.358,delta
1766167861499,501340795805,0,ask,87213.20,0.573,delta
1766167861499,501340795805,0,ask,87214.40,2.214,delta
1766167861499,501340795805,0,ask,87216.00,0.773,delta
1766167861499,501340795805,0,ask,87216.90,3.626,delta
1766167861499,501340795805,0,ask,87217.00,0.072,delta
1766167861499,501340795805,0,ask,87218.50,0.095,delta
1766167861499,501340795805,0,ask,87219.00,0,delta
1766167861499,501340795805,0,ask,87219.10,0,delta
1766167861519,501340796069,0,bid,87208.20,0.519,delta
1766167861519,501340796069,0,bid,87207.00,0,delta
1766167861519,501340796069,0,bid,87201.30,0,delta
1766167861519,501340796069,0,bid,87201.10,0,delta
1766167861519,501340796069,0,bid,87199.50,2.271,delta
1766167861519,501340796069,0,bid,87197.40,0.012,delta
1766167861519,501340796069,0,bid,87197.00,0.006,delta
1766167861519,501340796069,0,bid,87194.70,0.015,delta
1766167861519,501340796069,0,bid,87194.60,0.026,delta
1766167861519,501340796069,0,ask,87210.90,0.416,delta
1766167861519,501340796069,0,ask,87211.10,1.267,delta
1766167861519,501340796069,0,ask,87214.30,1.313,delta
1766167861519,501340796069,0,ask,87214.50,0.038,delta
1766167861519,501340796069,0,ask,87216.80,2.248,delta
1766167861519,501340796069,0,ask,87217.00,0.073,delta
1766167861519,501340796069,0,ask,87217.20,0,delta
1766167861519,501340796069,0,ask,87217.40,0.004,delta
1766167861519,501340796069,0,ask,87218.90,0,delta
1766167861559,501340796454,0,bid,87197.60,0.072,delta
1766167861559,501340796454,0,bid,87196.70,2.303,delta
1766167861559,501340796454,0,ask,87214.50,0.039,delta
1766167861579,501340796591,0,bid,87208.10,0.010,delta
1766167861579,501340796591,0,ask,87213.50,0.098,delta
1766167861579,501340796591,0,ask,87217.30,1.267,delta
1766167861599,501340796753,0,bid,87196.70,0.032,delta
1766167861599,501340796753,0,bid,87196.30,0.017,delta
1766167861599,501340796753,0,ask,87213.50,0.263,delta
1766167861619,501340797140,0,bid,87208.20,0,delta
1766167861619,501340797140,0,bid,87208.10,0.009,delta
1766167861619,501340797140,0,bid,87194.50,0.120,delta
1766167861619,501340797140,0,ask,87208.20,7.010,delta
1766167861619,501340797140,0,ask,87208.30,1.516,delta
1766167861619,501340797140,0,ask,87213.10,3.626,delta
1766167861619,501340797140,0,ask,87217.00,0.381,delta
1766167861619,501340797140,0,ask,87218.60,0,delta
1766167861619,501340797140,0,ask,87218.80,0,delta
1766167861639,501340798842,0,bid,87208.10,0,delta
1766167861639,501340798842,0,bid,87207.90,0,delta
1766167861639,501340798842,0,bid,87205.60,0,delta
1766167861639,501340798842,0,bid,87205.40,0,delta
1766167861639,501340798842,0,bid,87204.00,0,delta
1766167861639,501340798842,0,bid,87203.90,0,delta
1766167861639,501340798842,0,bid,87203.80,0,delta
1766167861639,501340798842,0,bid,87202.70,0,delta
1766167861639,501340798842,0,bid,87202.00,0,delta
1766167861639,501340798842,0,bid,87200.80,0,delta
1766167861639,501340798842,0,bid,87199.40,0,delta
1766167861639,501340798842,0,bid,87199.30,0.002,delta
1766167861639,501340798842,0,bid,87199.20,0,delta
1766167861639,501340798842,0,bid,87198.80,0,delta
1766167861639,501340798842,0,bid,87197.90,0,delta
1766167861639,501340798842,0,bid,87197.80,0.613,delta
1766167861639,501340798842,0,bid,87197.70,0,delta
1766167861639,501340798842,0,bid,87197.60,0.004,delta
1766167861639,501340798842,0,bid,87197.50,0,delta
1766167861639,501340798842,0,bid,87197.40,0,delta
1766167861639,501340798842,0,bid,87197.00,0,delta
1766167861639,501340798842,0,bid,87196.70,0.024,delta
1766167861639,501340798842,0,bid,87196.40,0,delta
1766167861639,501340798842,0,bid,87196.30,0,delta
1766167861639,501340798842,0,bid,87196.20,0,delta
1766167861639,501340798842,0,bid,87196.10,0.016,delta
1766167861639,501340798842,0,bid,87196.00,0.001,delta
1766167861639,501340798842,0,bid,87195.60,0,delta
1766167861639,501340798842,0,bid,87195.50,0.001,delta
1766167861639,501340798842,0,bid,87195.30,0.004,delta
1766167861639,501340798842,0,bid,87195.20,0,delta
1766167861639,501340798842,0,bid,87195.10,0.004,delta
1766167861639,501340798842,0,bid,87195.00,0.008,delta
1766167861639,501340798842,0,bid,87194.90,0.010,delta
1766167861639,501340798842,0,bid,87194.80,0.021,delta
1766167861639,501340798842,0,bid,87194.70,0.004,delta
1766167861639,501340798842,0,bid,87194.60,0,delta
1766167861639,501340798842,0,bid,87194.50,0,delta
1766167861639,501340798842,0,bid,87194.40,0.028,delta
1766167861639,501340798842,0,bid,87193.90,0.001,delta
1766167861639,501340798842,0,bid,87193.60,0.001,delta
1766167861639,501340798842,0,bid,87193.40,0.010,delta
1766167861639,501340798842,0,bid,87193.00,2.271,delta
1766167861639,501340798842,0,bid,87192.90,0.004,delta
1766167861639,501340798842,0,bid,87192.50,0.002,delta
1766167861639,501340798842,0,bid,87192.40,0.004,delta
1766167861639,501340798842,0,bid,87192.30,0.001,delta
1766167861639,501340798842,0,bid,87192.10,0.285,delta
1766167861639,501340798842,0,bid,87192.00,0.080,delta
1766167861639,501340798842,0,bid,87191.90,0.050,delta
1766167861639,501340798842,0,bid,87191.80,0.004,delta
1766167861639,501340798842,0,bid,87191.70,0.001,delta
1766167861639,501340798842,0,bid,87191.50,0.002,delta
1766167861639,501340798842,0,bid,87191.20,0.012,delta
1766167861639,501340798842,0,bid,87191.10,0.004,delta
1766167861639,501340798842,0,bid,87191.00,0.012,delta
1766167861639,501340798842,0,bid,87190.90,0.004,delta
1766167861639,501340798842,0,bid,87190.80,0.047,delta
1766167861639,501340798842,0,bid,87190.70,0.012,delta
1766167861639,501340798842,0,bid,87190.60,0.079,delta
1766167861639,501340798842,0,bid,87190.50,0.060,delta
1766167861639,501340798842,0,bid,87190.40,0.001,delta
1766167861639,501340798842,0,bid,87190.10,0.001,delta
1766167861639,501340798842,0,ask,87201.30,3.793,delta
1766167861639,501340798842,0,ask,87202.10,2.329,delta
1766167861639,501340798842,0,ask,87202.80,4.009,delta
1766167861639,501340798842,0,ask,87203.90,6.911,delta
1766167861639,501340798842,0,ask,87204.00,7.179,delta
1766167861639,501340798842,0,ask,87205.00,0.001,delta
1766167861639,501340798842,0,ask,87205.50,0.294,delta
1766167861639,501340798842,0,ask,87205.70,3.920,delta
1766167861639,501340798842,0,ask,87206.10,0.522,delta
1766167861639,501340798842,0,ask,87207.00,0.098,delta
1766167861639,501340798842,0,ask,87207.50,0.001,delta
1766167861639,501340798842,0,ask,87208.00,1.849,delta
1766167861639,501340798842,0,ask,87208.10,4.898,delta
1766167861639,501340798842,0,ask,87208.20,5.996,delta
1766167861639,501340798842,0,ask,87208.30,1.005,delta
1766167861639,501340798842,0,ask,87210.30,0.523,delta
1766167861639,501340798842,0,ask,87210.80,0.058,delta
1766167861639,501340798842,0,ask,87210.90,0,delta
1766167861639,501340798842,0,ask,87211.40,0.004,delta
1766167861639,501340798842,0,ask,87212.40,0.524,delta
1766167861639,501340798842,0,ask,87213.00,2.646,delta
1766167861639,501340798842,0,ask,87214.10,0.004,delta
1766167861639,501340798842,0,ask,87214.30,0,delta
1766167861639,501340798842,0,ask,87214.50,0.001,delta
1766167861639,501340798842,0,ask,87214.60,1.270,delta
1766167861639,501340798842,0,ask,87214.80,0.001,delta
1766167861639,501340798842,0,ask,87215.30,0.004,delta
1766167861639,501340798842,0,ask,87215.50,0.004,delta
1766167861639,501340798842,0,ask,87215.60,0.012,delta
1766167861639,501340798842,0,ask,87215.80,0.004,delta
1766167861639,501340798842,0,ask,87216.00,0,delta
1766167861639,501340798842,0,ask,87216.10,0,delta
1766167861639,501340798842,0,ask,87216.30,0,delta
1766167861639,501340798842,0,ask,87216.60,0,delta
1766167861639,501340798842,0,ask,87216.70,0,delta
1766167861639,501340798842,0,ask,87216.80,0,delta
1766167861639,501340798842,0,ask,87216.90,0,delta
1766167861639,501340798842,0,ask,87217.00,0,delta
1766167861639,501340798842,0,ask,87217.10,0,delta
1766167861639,501340798842,0,ask,87217.30,0,delta
1766167861639,501340798842,0,ask,87217.40,0,delta
1766167861639,501340798842,0,ask,87217.50,0,delta
1766167861639,501340798842,0,ask,87217.60,0,delta
1766167861639,501340798842,0,ask,87217.80,0,delta
1766167861639,501340798842,0,ask,87217.90,0,delta
1766167861639,501340798842,0,ask,87218.00,0,delta
1766167861639,501340798842,0,ask,87218.10,0,delta
1766167861639,501340798842,0,ask,87218.30,0,delta
1766167861639,501340798842,0,ask,87218.40,0,delta
1766167861639,501340798842,0,ask,87218.50,0,delta
1766167861659,501340801843,0,bid,87201.20,0,delta
1766167861659,501340801843,0,bid,87201.00,0,delta
1766167861659,501340801843,0,bid,87200.40,0,delta
1766167861659,501340801843,0,bid,87200.10,0,delta
1766167861659,501340801843,0,bid,87200.00,0,delta
1766167861659,501340801843,0,bid,87199.30,0,delta
1766167861659,501340801843,0,bid,87198.60,0,delta
1766167861659,501340801843,0,bid,87196.90,0,delta
1766167861659,501340801843,0,bid,87196.70,0.020,delta
1766167861659,501340801843,0,bid,87196.60,0,delta
1766167861659,501340801843,0,bid,87196.10,0,delta
1766167861659,501340801843,0,bid,87195.80,0.002,delta
1766167861659,501340801843,0,bid,87195.50,0,delta
1766167861659,501340801843,0,bid,87195.40,0,delta
1766167861659,501340801843,0,bid,87195.30,0,delta
1766167861659,501340801843,0,bid,87195.10,0,delta
1766167861659,501340801843,0,bid,87195.00,0,delta
1766167861659,501340801843,0,bid,87194.90,0.002,delta
1766167861659,501340801843,0,bid,87194.80,0.001,delta
1766167861659,501340801843,0,bid,87194.70,0,delta
1766167861659,501340801843,0,bid,87194.40,0,delta
1766167861659,501340801843,0,bid,87193.40,0,delta
1766167861659,501340801843,0,bid,87193.00,0,delta
1766167861659,501340801843,0,bid,87192.90,0,delta
1766167861659,501340801843,0,bid,87191.10,0,delta
1766167861659,501340801843,0,bid,87191.00,0,delta
1766167861659,501340801843,0,bid,87190.80,0.017,delta
1766167861659,501340801843,0,bid,87190.70,0,delta
1766167861659,501340801843,0,bid,87190.60,0.007,delta
1766167861659,501340801843,0,bid,87190.50,0.008,delta
1766167861659,501340801843,0,bid,87190.40,0.005,delta
1766167861659,501340801843,0,bid,87190.00,3.262,delta
1766167861659,501340801843,0,bid,87189.90,0.008,delta
1766167861659,501340801843,0,bid,87189.70,0.011,delta
1766167861659,501340801843,0,bid,87189.60,0.008,delta
1766167861659,501340801843,0,bid,87189.50,0.017,delta
1766167861659,501340801843,0,bid,87189.40,0.008,delta
1766167861659,501340801843,0,bid,87189.20,0.016,delta
1766167861659,501340801843,0,bid,87189.10,0.004,delta
1766167861659,501340801843,0,bid,87188.90,0.016,delta
1766167861659,501340801843,0,bid,87188.80,0.016,delta
1766167861659,501340801843,0,bid,87188.70,0.012,delta
1766167861659,501340801843,0,bid,87188.60,0.082,delta
1766167861659,501340801843,0,bid,87188.50,0.024,delta
1766167861659,501340801843,0,bid,87188.40,0.187,delta
1766167861659,501340801843,0,bid,87188.30,0.012,delta
1766167861659,501340801843,0,bid,87188.20,0.081,delta
1766167861659,501340801843,0,bid,87188.10,0.008,delta
1766167861659,501340801843,0,bid,87188.00,0.074,delta
1766167861659,501340801843,0,bid,87187.90,0.065,delta
1766167861659,501340801843,0,bid,87187.70,0.003,delta
1766167861659,501340801843,0,bid,87187.60,0.035,delta
1766167861659,501340801843,0,bid,87187.50,0.115,delta
1766167861659,501340801843,0,bid,87187.40,0.070,delta
1766167861659,501340801843,0,ask,87197.90,11.749,delta
1766167861659,501340801843,0,ask,87198.70,6.987,delta
1766167861659,501340801843,0,ask,87199.30,0.454,delta
1766167861659,501340801843,0,ask,87199.40,7.935,delta
1766167861659,501340801843,0,ask,87200.00,0.989,delta
1766167861659,501340801843,0,ask,87200.10,1.236,delta
1766167861659,501340801843,0,ask,87200.20,1.054,delta
1766167861659,501340801843,0,ask,87200.30,0.407,delta
1766167861659,501340801843,0,ask,87200.50,0.057,delta
1766167861659,501340801843,0,ask,87201.00,0.001,delta
1766167861659,501340801843,0,ask,87201.10,0.583,delta
1766167861659,501340801843,0,ask,87201.20,1.370,delta
1766167861659,501340801843,0,ask,87201.30,1.124,delta
1766167861659,501340801843,0,ask,87202.10,0,delta
1766167861659,501340801843,0,ask,87202.80,0,delta
1766167861659,501340801843,0,ask,87202.90,0.001,delta
1766167861659,501340801843,0,ask,87203.20,0.001,delta
1766167861659,501340801843,0,ask,87203.90,1.366,delta
1766167861659,501340801843,0,ask,87204.00,0.641,delta
1766167861659,501340801843,0,ask,87205.00,0.002,delta
1766167861659,501340801843,0,ask,87205.50,0,delta
1766167861659,501340801843,0,ask,87205.60,0.001,delta
1766167861659,501340801843,0,ask,87205.70,3.626,delta
1766167861659,501340801843,0,ask,87206.10,0,delta
1766167861659,501340801843,0,ask,87207.90,0.038,delta
1766167861659,501340801843,0,ask,87208.00,0.214,delta
1766167861659,501340801843,0,ask,87208.10,3.689,delta
1766167861659,501340801843,0,ask,87208.20,4.230,delta
1766167861659,501340801843,0,ask,87208.30,1.646,delta
1766167861659,501340801843,0,ask,87208.40,0.654,delta
1766167861659,501340801843,0,ask,87209.90,0.004,delta
1766167861659,501340801843,0,ask,87210.00,0.007,delta
1766167861659,501340801843,0,ask,87210.20,0.016,delta
1766167861659,501340801843,0,ask,87210.30,0.001,delta
1766167861659,501340801843,0,ask,87210.60,0.250,delta
1766167861659,501340801843,0,ask,87210.80,0.038,delta
1766167861659,501340801843,0,ask,87211.00,0.412,delta
1766167861659,501340801843,0,ask,87211.30,0.020,delta
1766167861659,501340801843,0,ask,87211.50,0.003,delta
1766167861659,501340801843,0,ask,87211.80,0.005,delta
1766167861659,501340801843,0,ask,87211.90,0.005,delta
1766167861659,501340801843,0,ask,87212.30,0.004,delta
1766167861659,501340801843,0,ask,87212.40,0.002,delta
1766167861659,501340801843,0,ask,87212.50,0.004,delta
1766167861659,501340801843,0,ask,87212.60,0.008,delta
1766167861659,501340801843,0,ask,87212.90,0,delta
1766167861659,501340801843,0,ask,87213.00,0,delta
1766167861659,501340801843,0,ask,87213.10,0,delta
1766167861659,501340801843,0,ask,87213.20,0,delta
1766167861659,501340801843,0,ask,87213.40,0,delta
1766167861659,501340801843,0,ask,87213.50,0,delta
1766167861659,501340801843,0,ask,87214.00,0,delta
1766167861659,501340801843,0,ask,87214.10,0,delta
1766167861659,501340801843,0,ask,87214.20,0,delta
1766167861659,501340801843,0,ask,87214.40,0,delta
1766167861659,501340801843,0,ask,87214.50,0,delta
1766167861659,501340801843,0,ask,87214.60,0,delta
1766167861659,501340801843,0,ask,87214.80,0,delta
1766167861659,501340801843,0,ask,87215.00,0,delta
1766167861659,501340801843,0,ask,87215.30,0,delta
1766167861659,501340801843,0,ask,87215.50,0,delta
1766167861659,501340801843,0,ask,87215.60,0,delta
1766167861659,501340801843,0,ask,87215.80,0,delta
1766167861679,501340802642,0,bid,87197.80,0.928,delta
1766167861679,501340802642,0,bid,87197.10,0,delta
1766167861679,501340802642,0,bid,87193.60,0,delta
1766167861679,501340802642,0,bid,87189.50,0.007,delta
1766167861679,501340802642,0,bid,87188.60,0.008,delta
1766167861679,501340802642,0,bid,87187.30,0.095,delta
1766167861679,501340802642,0,bid,87187.20,0.020,delta
1766167861679,501340802642,0,ask,87197.90,6.104,delta
1766167861679,501340802642,0,ask,87198.70,0,delta
1766167861679,501340802642,0,ask,87199.30,0,delta
1766167861679,501340802642,0,ask,87199.40,0.870,delta
1766167861679,501340802642,0,ask,87200.00,0.002,delta
1766167861679,501340802642,0,ask,87200.10,0.543,delta
1766167861679,501340802642,0,ask,87200.20,0.057,delta
1766167861679,501340802642,0,ask,87200.30,0,delta
1766167861679,501340802642,0,ask,87201.10,0.176,delta
1766167861679,501340802642,0,ask,87201.20,1.267,delta
1766167861679,501340802642,0,ask,87202.10,0.650,delta
1766167861679,501340802642,0,ask,87205.30,0.004,delta
1766167861679,501340802642,0,ask,87207.00,0,delta
1766167861679,501340802642,0,ask,87208.00,0.117,delta
1766167861679,501340802642,0,ask,87208.10,2.404,delta
1766167861679,501340802642,0,ask,87208.70,0.001,delta
1766167861679,501340802642,0,ask,87210.00,0.008,delta
1766167861679,501340802642,0,ask,87210.80,0,delta
1766167861679,501340802642,0,ask,87211.40,0,delta
1766167861679,501340802642,0,ask,87212.80,0.004,delta
1766167861679,501340802642,0,ask,87212.90,0.245,delta
1766167861679,501340802642,0,ask,87213.00,1.895,delta
1766167861699,501340802874,0,bid,87197.80,0.958,delta
1766167861699,501340802874,0,bid,87192.50,0,delta
1766167861699,501340802874,0,bid,87192.40,0.006,delta
1766167861699,501340802874,0,bid,87190.00,0.991,delta
1766167861699,501340802874,0,bid,87187.10,0.077,delta
1766167861699,501340802874,0,ask,87197.90,6.102,delta
1766167861699,501340802874,0,ask,87200.10,0.486,delta
1766167861699,501340802874,0,ask,87200.20,0,delta
1766167861699,501340802874,0,ask,87200.50,0,delta
1766167861699,501340802874,0,ask,87201.10,0.119,delta
1766167861699,501340802874,0,ask,87201.30,1.067,delta
1766167861699,501340802874,0,ask,87202.90,0.651,delta
1766167861699,501340802874,0,ask,87203.20,0.651,delta
1766167861699,501340802874,0,ask,87205.10,0.038,delta
1766167861699,501340802874,0,ask,87208.30,0.996,delta
1766167861699,501340802874,0,ask,87208.40,0.004,delta
1766167861699,501340802874,0,ask,87211.20,0.001,delta
1766167861719,501340803148,0,bid,87197.80,0.838,delta
1766167861719,501340803148,0,bid,87192.40,0.004,delta
1766167861719,501340803148,0,bid,87187.10,2.348,delta
1766167861719,501340803148,0,ask,87197.90,5.785,delta
1766167861719,501340803148,0,ask,87202.20,0.001,delta
1766167861719,501340803148,0,ask,87204.00,0.607,delta
1766167861719,501340803148,0,ask,87206.20,0.001,delta
1766167861719,501340803148,0,ask,87210.20,0.011,delta
1766167861719,501340803148,0,ask,87211.10,1.272,delta
1766167861719,501340803148,0,ask,87211.20,0,delta
1766167861719,501340803148,0,ask,87212.90,0.016,delta
1766167861719,501340803148,0,ask,87213.00,0,delta
1766167861739,501340803531,0,bid,87197.80,0.833,delta
1766167861739,501340803531,0,bid,87188.70,0.021,delta
1766167861739,501340803531,0,ask,87197.90,5.941,delta
1766167861739,501340803531,0,ask,87198.80,0.001,delta
1766167861739,501340803531,0,ask,87200.10,0.485,delta
1766167861739,501340803531,0,ask,87202.20,0.650,delta
1766167861739,501340803531,0,ask,87206.20,0,delta
1766167861739,501340803531,0,ask,87208.20,3.581,delta
1766167861759,501340803785,0,bid,87197.80,0.752,delta
1766167861759,501340803785,0,bid,87188.40,0.073,delta
1766167861759,501340803785,0,bid,87188.20,0.024,delta
1766167861759,501340803785,0,bid,87188.00,0.017,delta
1766167861759,501340803785,0,bid,87187.90,0.008,delta
1766167861759,501340803785,0,bid,87187.50,0.001,delta
1766167861759,501340803785,0,bid,87187.40,0.013,delta
1766167861759,501340803785,0,bid,87187.30,0.055,delta
1766167861759,501340803785,0,bid,87187.10,0.020,delta
1766167861759,501340803785,0,ask,87198.80,0,delta
1766167861759,501340803785,0,ask,87204.00,0.608,delta
1766167861759,501340803785,0,ask,87208.20,3.580,delta
1766167861759,501340803785,0,ask,87210.80,0.057,delta
1766167861779,501340804096,0,bid,87197.80,0.710,delta
1766167861779,501340804096,0,ask,87197.90,5.942,delta
1766167861779,501340804096,0,ask,87203.80,1.550,delta
1766167861779,501340804096,0,ask,87204.00,0.518,delta
1766167861779,501340804096,0,ask,87212.90,0,delta
1766167861799,501340804339,0,bid,87187.30,0.038,delta
1766167861799,501340804339,0,ask,87197.90,5.941,delta
1766167861799,501340804339,0,ask,87200.50,0.078,delta
1766167861799,501340804339,0,ask,87211.10,1.267,delta
1766167861799,501340804339,0,ask,87211.80,0.010,delta
1766167861799,501340804339,0,ask,87212.80,0,delta
1766167861819,501340804590,0,bid,87197.80,0.820,delta
1766167861819,501340804590,0,ask,87198.00,0.001,delta
1766167861819,501340804590,0,ask,87203.00,0.001,delta
1766167861819,501340804590,0,ask,87204.00,0.517,delta
1766167861819,501340804590,0,ask,87211.80,0.005,delta
1766167861819,501340804590,0,ask,87212.60,0,delta
1766167861819,501340804590,0,ask,87212.70,0,delta
1766167861859,501340805097,0,bid,87197.80,0.649,delta
1766167861859,501340805097,0,bid,87188.70,0.012,delta
1766167861859,501340805097,0,ask,87197.90,6.591,delta
1766167861859,501340805097,0,ask,87198.30,0.114,delta
1766167861859,501340805097,0,ask,87203.20,0.001,delta
1766167861859,501340805097,0,ask,87208.00,0.001,delta
1766167861859,501340805097,0,ask,87212.50,0,delta
1766167861879,501340805455,0,bid,87197.80,0.658,delta
1766167861879,501340805455,0,ask,87197.90,6.193,delta
1766167861879,501340805455,0,ask,87198.00,0.651,delta
1766167861879,501340805455,0,ask,87198.30,0.764,delta
1766167861879,501340805455,0,ask,87199.40,1.520,delta
1766167861879,501340805455,0,ask,87200.50,0,delta
1766167861879,501340805455,0,ask,87202.10,0,delta
1766167861879,501340805455,0,ask,87202.20,0,delta
1766167861879,501340805455,0,ask,87202.90,0.001,delta
1766167861879,501340805455,0,ask,87206.60,0.391,delta
1766167861879,501340805455,0,ask,87211.80,0.010,delta
1766167861879,501340805455,0,ask,87212.50,0.004,delta
1766167861879,501340805455,0,ask,87212.60,0.008,delta
1766167861919,501340806141,0,bid,87197.80,0.622,delta
1766167861919,501340806141,0,bid,87192.40,0,delta
1766167861919,501340806141,0,bid,87192.00,0.076,delta
1766167861919,501340806141,0,bid,87191.80,0,delta
1766167861919,501340806141,0,bid,87191.20,0,delta
1766167861919,501340806141,0,bid,87190.90,0,delta
