ts_ms,seq,prev_seq,book_side,price,size,type
1766187901768,501469155614,0,bid,88169.60,0.171,snapshot
1766187901768,501469155614,0,bid,88168.70,0.002,snapshot
1766187901768,501469155614,0,bid,88168.50,0.035,snapshot
1766187901768,501469155614,0,bid,88168.40,0.057,snapshot
1766187901768,501469155614,0,bid,88168.00,0.001,snapshot
1766187901768,501469155614,0,bid,88167.90,0.018,snapshot
1766187901768,501469155614,0,bid,88167.50,0.042,snapshot
1766187901768,501469155614,0,bid,88167.20,0.180,snapshot
1766187901768,501469155614,0,bid,88166.00,0.010,snapshot
1766187901768,501469155614,0,bid,88165.90,0.001,snapshot
1766187901768,501469155614,0,bid,88165.80,0.005,snapshot
1766187901768,501469155614,0,bid,88165.70,0.005,snapshot
1766187901768,501469155614,0,bid,88165.60,0.015,snapshot
1766187901768,501469155614,0,bid,88165.50,0.372,snapshot
1766187901768,501469155614,0,bid,88165.40,0.004,snapshot
1766187901768,501469155614,0,bid,88164.10,0.004,snapshot
1766187901768,501469155614,0,bid,88164.00,0.002,snapshot
1766187901768,501469155614,0,bid,88163.90,0.037,snapshot
1766187901768,501469155614,0,bid,88163.80,0.032,snapshot
1766187901768,501469155614,0,bid,88163.70,0.025,snapshot
1766187901768,501469155614,0,bid,88163.60,0.008,snapshot
1766187901768,501469155614,0,bid,88163.50,0.013,snapshot
1766187901768,501469155614,0,bid,88163.40,0.003,snapshot
1766187901768,501469155614,0,bid,88163.30,0.004,snapshot
1766187901768,501469155614,0,bid,88163.10,0.002,snapshot
1766187901768,501469155614,0,bid,88162.40,0.007,snapshot
1766187901768,501469155614,0,bid,88162.30,0.104,snapshot
1766187901768,501469155614,0,bid,88162.00,0.329,snapshot
1766187901768,501469155614,0,bid,88161.80,0.200,snapshot
1766187901768,501469155614,0,bid,88161.60,0.002,snapshot
1766187901768,501469155614,0,bid,88161.00,0.005,snapshot
1766187901768,501469155614,0,bid,88160.80,1.071,snapshot
1766187901768,501469155614,0,bid,88160.70,0.004,snapshot
1766187901768,501469155614,0,bid,88160.60,0.012,snapshot
1766187901768,501469155614,0,bid,88160.50,0.065,snapshot
1766187901768,501469155614,0,bid,88160.40,0.005,snapshot
1766187901768,501469155614,0,bid,88160.30,0.005,snapshot
1766187901768,501469155614,0,bid,88160.20,0.006,snapshot
1766187901768,501469155614,0,bid,88160.00,0.005,snapshot
1766187901768,501469155614,0,bid,88159.90,0.002,snapshot
1766187901768,501469155614,0,bid,88159.80,0.004,snapshot
1766187901768,501469155614,0,bid,88159.70,0.088,snapshot
1766187901768,501469155614,0,bid,88159.60,0.015,snapshot
1766187901768,501469155614,0,bid,88159.30,0.002,snapshot
1766187901768,501469155614,0,bid,88159.20,0.001,snapshot
1766187901768,501469155614,0,bid,88159.10,0.004,snapshot
1766187901768,501469155614,0,bid,88159.00,0.110,snapshot
1766187901768,501469155614,0,bid,88158.90,0.032,snapshot
1766187901768,501469155614,0,bid,88158.80,0.040,snapshot
1766187901768,501469155614,0,bid,88158.70,0.048,snapshot
1766187901768,501469155614,0,ask,88169.70,4.885,snapshot
1766187901768,501469155614,0,ask,88169.90,0.284,snapshot
1766187901768,501469155614,0,ask,88170.00,1.778,snapshot
1766187901768,501469155614,0,ask,88170.10,0.784,snapshot
1766187901768,501469155614,0,ask,88170.20,0.341,snapshot
1766187901768,501469155614,0,ask,88170.30,0.001,snapshot
1766187901768,501469155614,0,ask,88170.90,0.005,snapshot
1766187901768,501469155614,0,ask,88171.00,0.445,snapshot
1766187901768,501469155614,0,ask,88171.70,0.001,snapshot
1766187901768,501469155614,0,ask,88172.00,0.160,snapshot
1766187901768,501469155614,0,ask,88172.90,0.005,snapshot
1766187901768,501469155614,0,ask,88173.00,0.001,snapshot
1766187901768,501469155614,0,ask,88173.10,0.241,snapshot
1766187901768,501469155614,0,ask,88173.60,0.112,snapshot
1766187901768,501469155614,0,ask,88173.90,0.001,snapshot
1766187901768,501469155614,0,ask,88174.20,0.099,snapshot
1766187901768,501469155614,0,ask,88174.60,0.240,snapshot
1766187901768,501469155614,0,ask,88175.40,0.001,snapshot
1766187901768,501469155614,0,ask,88175.50,0.102,snapshot
1766187901768,501469155614,0,ask,88175.60,0.102,snapshot
1766187901768,501469155614,0,ask,88176.00,0.001,snapshot
1766187901768,501469155614,0,ask,88176.40,0.240,snapshot
1766187901768,501469155614,0,ask,88176.60,0.001,snapshot
1766187901768,501469155614,0,ask,88176.90,0.002,snapshot
1766187901768,501469155614,0,ask,88177.00,0.056,snapshot
1766187901768,501469155614,0,ask,88177.10,0.034,snapshot
1766187901768,501469155614,0,ask,88177.20,0.005,snapshot
1766187901768,501469155614,0,ask,88177.30,0.001,snapshot
1766187901768,501469155614,0,ask,88177.50,0.240,snapshot
1766187901768,501469155614,0,ask,88177.90,0.004,snapshot
1766187901768,501469155614,0,ask,88178.60,0.698,snapshot
1766187901768,501469155614,0,ask,88178.70,0.003,snapshot
1766187901768,501469155614,0,ask,88179.00,0.001,snapshot
1766187901768,501469155614,0,ask,88179.10,0.004,snapshot
1766187901768,501469155614,0,ask,88179.30,0.057,snapshot
1766187901768,501469155614,0,ask,88179.60,0.004,snapshot
1766187901768,501469155614,0,ask,88179.80,0.033,snapshot
1766187901768,501469155614,0,ask,88180.00,0.005,snapshot
1766187901768,501469155614,0,ask,88180.10,0.351,snapshot
1766187901768,501469155614,0,ask,88180.30,0.051,snapshot
1766187901768,501469155614,0,ask,88180.80,0.004,snapshot
1766187901768,501469155614,0,ask,88180.90,0.058,snapshot
1766187901768,501469155614,0,ask,88181.00,0.004,snapshot
1766187901768,501469155614,0,ask,88181.10,0.008,snapshot
1766187901768,501469155614,0,ask,88181.30,0.024,snapshot
1766187901768,501469155614,0,ask,88181.50,0.008,snapshot
1766187901768,501469155614,0,ask,88181.60,0.016,snapshot
1766187901768,501469155614,0,ask,88181.80,0.008,snapshot
1766187901768,501469155614,0,ask,88181.90,0.008,snapshot
1766187901768,501469155614,0,ask,88182.00,0.010,snapshot
1766187901779,501469156599,0,bid,88169.60,0,delta
1766187901779,501469156599,0,bid,88168.70,0,delta
1766187901779,501469156599,0,bid,88168.50,0,delta
1766187901779,501469156599,0,bid,88165.60,0.008,delta
1766187901779,501469156599,0,bid,88163.50,0.008,delta
1766187901779,501469156599,0,bid,88162.40,1.141,delta
1766187901779,501469156599,0,bid,88162.00,0.636,delta
1766187901779,501469156599,0,bid,88161.80,0,delta
1766187901779,501469156599,0,bid,88160.50,0,delta
1766187901779,501469156599,0,bid,88158.60,0.040,delta
1766187901779,501469156599,0,bid,88158.50,0.110,delta
1766187901779,501469156599,0,bid,88158.40,0.044,delta
1766187901779,501469156599,0,bid,88158.30,0.037,delta
1766187901779,501469156599,0,bid,88158.20,0.060,delta
1766187901779,501469156599,0,ask,88168.50,5.564,delta
1766187901779,501469156599,0,ask,88168.60,2.461,delta
1766187901779,501469156599,0,ask,88168.80,0.207,delta
1766187901779,501469156599,0,ask,88169.70,0.388,delta
1766187901779,501469156599,0,ask,88169.90,0,delta
1766187901779,501469156599,0,ask,88170.00,0,delta
1766187901779,501469156599,0,ask,88170.10,0.003,delta
1766187901779,501469156599,0,ask,88170.20,0,delta
1766187901779,501469156599,0,ask,88170.90,0,delta
1766187901779,501469156599,0,ask,88171.00,0.161,delta
1766187901779,501469156599,0,ask,88171.20,0.001,delta
1766187901779,501469156599,0,ask,88172.90,0,delta
1766187901779,501469156599,0,ask,88173.60,0,delta
1766187901779,501469156599,0,ask,88175.30,0.005,delta
1766187901779,501469156599,0,ask,88175.60,0,delta
1766187901779,501469156599,0,ask,88176.30,0.005,delta
1766187901779,501469156599,0,ask,88176.90,2.043,delta
1766187901779,501469156599,0,ask,88177.20,0,delta
1766187901779,501469156599,0,ask,88177.40,0.011,delta
1766187901779,501469156599,0,ask,88177.60,0.002,delta
1766187901779,501469156599,0,ask,88179.40,0.001,delta
1766187901779,501469156599,0,ask,88181.70,0.226,delta
1766187901779,501469156599,0,ask,88181.90,0,delta
1766187901779,501469156599,0,ask,88182.00,0,delta
1766187901799,501469157570,0,bid,88168.40,0,delta
1766187901799,501469157570,0,bid,88168.00,0,delta
1766187901799,501469157570,0,bid,88167.90,0,delta
1766187901799,501469157570,0,bid,88167.20,0,delta
1766187901799,501469157570,0,bid,88165.80,0.004,delta
1766187901799,501469157570,0,bid,88165.60,0.159,delta
1766187901799,501469157570,0,bid,88162.40,1.146,delta
1766187901799,501469157570,0,bid,88162.00,0.626,delta
1766187901799,501469157570,0,bid,88160.30,0.004,delta
1766187901799,501469157570,0,bid,88159.70,0.001,delta
1766187901799,501469157570,0,bid,88159.60,0.069,delta
1766187901799,501469157570,0,bid,88159.40,0.102,delta
1766187901799,501469157570,0,bid,88159.00,0.008,delta
1766187901799,501469157570,0,bid,88158.10,0.028,delta
1766187901799,501469157570,0,bid,88158.00,0.003,delta
1766187901799,501469157570,0,bid,88157.90,0.004,delta
1766187901799,501469157570,0,ask,88167.60,1.075,delta
1766187901799,501469157570,0,ask,88168.00,2.357,delta
1766187901799,501469157570,0,ask,88168.10,2.440,delta
1766187901799,501469157570,0,ask,88168.40,0.003,delta
1766187901799,501469157570,0,ask,88168.50,4.503,delta
1766187901799,501469157570,0,ask,88168.60,1.294,delta
1766187901799,501469157570,0,ask,88168.80,0.001,delta
1766187901799,501469157570,0,ask,88169.60,0.005,delta
1766187901799,501469157570,0,ask,88169.70,0.240,delta
1766187901799,501469157570,0,ask,88170.10,0,delta
1766187901799,501469157570,0,ask,88172.80,0.005,delta
1766187901799,501469157570,0,ask,88173.60,0.052,delta
1766187901799,501469157570,0,ask,88175.10,0.005,delta
1766187901799,501469157570,0,ask,88175.30,0,delta
1766187901799,501469157570,0,ask,88176.00,0.002,delta
1766187901799,501469157570,0,ask,88176.30,2.041,delta
1766187901799,501469157570,0,ask,88176.80,1.389,delta
1766187901799,501469157570,0,ask,88176.90,0.002,delta
1766187901799,501469157570,0,ask,88177.50,0.342,delta
1766187901799,501469157570,0,ask,88178.50,0.004,delta
1766187901799,501469157570,0,ask,88179.00,0.005,delta
1766187901799,501469157570,0,ask,88179.30,0.005,delta
1766187901799,501469157570,0,ask,88179.40,0,delta
1766187901799,501469157570,0,ask,88179.60,2.250,delta
1766187901799,501469157570,0,ask,88180.30,0.067,delta
1766187901799,501469157570,0,ask,88180.70,0.062,delta
1766187901799,501469157570,0,ask,88180.80,0.008,delta
1766187901799,501469157570,0,ask,88180.90,0,delta
1766187901799,501469157570,0,ask,88181.00,0,delta
1766187901799,501469157570,0,ask,88181.10,0,delta
1766187901799,501469157570,0,ask,88181.30,0,delta
1766187901799,501469157570,0,ask,88181.50,0,delta
1766187901799,501469157570,0,ask,88181.60,0,delta
1766187901799,501469157570,0,ask,88181.70,0,delta
1766187901799,501469157570,0,ask,88181.80,0,delta
1766187901819,501469158741,0,bid,88167.50,0.098,delta
1766187901819,501469158741,0,bid,88162.40,1.141,delta
1766187901819,501469158741,0,bid,88161.10,0.005,delta
1766187901819,501469158741,0,bid,88160.80,0,delta
1766187901819,501469158741,0,bid,88158.70,1.119,delta
1766187901819,501469158741,0,ask,88167.60,2.579,delta
1766187901819,501469158741,0,ask,88167.70,0.299,delta
1766187901819,501469158741,0,ask,88168.00,0.299,delta
1766187901819,501469158741,0,ask,88168.10,0,delta
1766187901819,501469158741,0,ask,88168.40,0.005,delta
1766187901819,501469158741,0,ask,88168.50,0.001,delta
1766187901819,501469158741,0,ask,88168.60,0.329,delta
1766187901819,501469158741,0,ask,88168.70,0.005,delta
1766187901819,501469158741,0,ask,88169.60,0,delta
1766187901819,501469158741,0,ask,88169.70,0.160,delta
1766187901819,501469158741,0,ask,88170.90,0.005,delta
1766187901819,501469158741,0,ask,88171.70,0,delta
1766187901819,501469158741,0,ask,88171.90,0.001,delta
1766187901819,501469158741,0,ask,88172.80,0,delta
1766187901819,501469158741,0,ask,88175.10,0,delta
1766187901819,501469158741,0,ask,88176.00,0.001,delta
1766187901819,501469158741,0,ask,88176.20,2.041,delta
1766187901819,501469158741,0,ask,88176.30,0,delta
1766187901819,501469158741,0,ask,88176.90,0,delta
1766187901819,501469158741,0,ask,88179.60,0.004,delta
1766187901819,501469158741,0,ask,88180.90,0.058,delta
1766187901819,501469158741,0,ask,88181.00,0.012,delta
1766187901839,501469159999,0,bid,88167.50,0,delta
1766187901839,501469159999,0,bid,88166.00,0.180,delta
1766187901839,501469159999,0,bid,88162.40,0,delta
1766187901839,501469159999,0,bid,88161.10,0,delta
1766187901839,501469159999,0,bid,88159.40,0,delta
1766187901839,501469159999,0,bid,88157.80,0.004,delta
1766187901839,501469159999,0,bid,88157.70,0.009,delta
1766187901839,501469159999,0,bid,88157.60,2.363,delta
1766187901839,501469159999,0,bid,88157.50,3.967,delta
1766187901839,501469159999,0,ask,88166.10,1.381,delta
1766187901839,501469159999,0,ask,88166.90,0.001,delta
1766187901839,501469159999,0,ask,88167.50,0.315,delta
1766187901839,501469159999,0,ask,88167.60,0.120,delta
1766187901839,501469159999,0,ask,88167.70,0,delta
1766187901839,501469159999,0,ask,88168.00,0,delta
1766187901839,501469159999,0,ask,88168.40,0.002,delta
1766187901839,501469159999,0,ask,88168.60,0.289,delta
1766187901839,501469159999,0,ask,88168.70,0.049,delta
1766187901839,501469159999,0,ask,88170.80,0.005,delta
1766187901839,501469159999,0,ask,88170.90,0,delta
1766187901839,501469159999,0,ask,88171.90,0,delta
1766187901839,501469159999,0,ask,88174.60,0.245,delta
1766187901839,501469159999,0,ask,88175.40,2.042,delta
1766187901839,501469159999,0,ask,88176.10,0.135,delta
1766187901839,501469159999,0,ask,88176.20,0,delta
1766187901839,501469159999,0,ask,88176.70,0.202,delta
1766187901839,501469159999,0,ask,88179.20,2.246,delta
1766187901839,501469159999,0,ask,88180.00,0.231,delta
1766187901839,501469159999,0,ask,88180.40,0.001,delta
1766187901839,501469159999,0,ask,88180.80,0,delta
1766187901839,501469159999,0,ask,88180.90,0,delta
1766187901839,501469159999,0,ask,88181.00,0,delta
1766187901859,501469160456,0,bid,88166.00,0.156,delta
1766187901859,501469160456,0,bid,88162.00,0.319,delta
1766187901859,501469160456,0,bid,88159.40,0.005,delta
1766187901859,501469160456,0,bid,88157.50,0,delta
1766187901859,501469160456,0,ask,88166.80,0.016,delta
1766187901859,501469160456,0,ask,88167.50,0,delta
1766187901859,501469160456,0,ask,88170.30,0,delta
1766187901859,501469160456,0,ask,88172.80,0.005,delta
1766187901859,501469160456,0,ask,88174.60,0.240,delta
1766187901859,501469160456,0,ask,88175.40,0.001,delta
1766187901859,501469160456,0,ask,88176.70,1.841,delta
1766187901859,501469160456,0,ask,88178.40,0.226,delta
1766187901859,501469160456,0,ask,88178.70,0.004,delta
1766187901859,501469160456,0,ask,88179.10,5.105,delta
1766187901859,501469160456,0,ask,88179.20,0,delta
1766187901859,501469160456,0,ask,88180.00,0.005,delta
1766187901859,501469160456,0,ask,88180.40,0,delta
1766187901859,501469160456,0,ask,88180.70,2.534,delta
1766187901859,501469160456,0,ask,88180.80,0.008,delta
1766187901879,501469160832,0,bid,88166.00,0.053,delta
1766187901879,501469160832,0,bid,88161.10,0.005,delta
1766187901879,501469160832,0,bid,88160.20,0.004,delta
1766187901879,501469160832,0,bid,88159.40,0,delta
1766187901879,501469160832,0,bid,88158.50,0.108,delta
1766187901879,501469160832,0,ask,88166.80,0.011,delta
1766187901879,501469160832,0,ask,88168.30,0.005,delta
1766187901879,501469160832,0,ask,88168.60,0.290,delta
1766187901879,501469160832,0,ask,88170.80,0,delta
1766187901879,501469160832,0,ask,88171.90,0.005,delta
1766187901879,501469160832,0,ask,88172.80,0,delta
1766187901879,501469160832,0,ask,88174.40,0.005,delta
1766187901879,501469160832,0,ask,88174.50,2.041,delta
1766187901879,501469160832,0,ask,88176.70,2.484,delta
1766187901879,501469160832,0,ask,88177.40,0,delta
1766187901879,501469160832,0,ask,88177.70,0.183,delta
1766187901879,501469160832,0,ask,88178.40,0,delta
1766187901879,501469160832,0,ask,88178.70,0.003,delta
1766187901879,501469160832,0,ask,88179.50,2.246,delta
1766187901879,501469160832,0,ask,88180.30,0.065,delta
1766187901879,501469160832,0,ask,88180.70,0,delta
1766187901879,501469160832,0,ask,88180.80,0,delta
1766187901899,501469161164,0,bid,88166.00,0.189,delta
1766187901899,501469161164,0,bid,88163.10,0.001,delta
1766187901899,501469161164,0,bid,88161.50,0.102,delta
1766187901899,501469161164,0,bid,88157.60,0,delta
1766187901899,501469161164,0,ask,88166.10,1.680,delta
1766187901899,501469161164,0,ask,88168.60,0.289,delta
1766187901899,501469161164,0,ask,88169.70,0.120,delta
1766187901899,501469161164,0,ask,88171.00,0.121,delta
1766187901899,501469161164,0,ask,88172.00,0.120,delta
1766187901899,501469161164,0,ask,88174.40,0,delta
1766187901899,501469161164,0,ask,88174.50,0,delta
1766187901899,501469161164,0,ask,88175.10,0.005,delta
1766187901899,501469161164,0,ask,88175.40,2.042,delta
1766187901899,501469161164,0,ask,88176.70,2.417,delta
1766187901899,501469161164,0,ask,88180.60,3.445,delta
1766187901919,501469161432,0,bid,88162.40,0.005,delta
1766187901919,501469161432,0,bid,88162.00,0.443,delta
1766187901919,501469161432,0,bid,88161.60,0,delta
1766187901919,501469161432,0,bid,88161.10,0,delta
1766187901919,501469161432,0,bid,88157.60,2.363,delta
1766187901919,501469161432,0,ask,88166.80,0,delta
1766187901919,501469161432,0,ask,88168.30,0,delta
1766187901919,501469161432,0,ask,88170.90,0.005,delta
1766187901919,501469161432,0,ask,88171.10,0.005,delta
1766187901919,501469161432,0,ask,88171.90,0,delta
1766187901919,501469161432,0,ask,88173.10,0.201,delta
1766187901919,501469161432,0,ask,88175.10,0,delta
1766187901919,501469161432,0,ask,88175.40,0.001,delta
1766187901919,501469161432,0,ask,88176.00,2.042,delta
1766187901919,501469161432,0,ask,88176.10,0.005,delta
1766187901919,501469161432,0,ask,88176.70,2.282,delta
1766187901919,501469161432,0,ask,88179.20,0.001,delta
1766187901919,501469161432,0,ask,88179.50,0,delta
1766187901919,501469161432,0,ask,88179.80,0.016,delta
1766187901919,501469161432,0,ask,88180.20,0.001,delta
1766187901919,501469161432,0,ask,88180.60,5.691,delta
1766187901919,501469161432,0,ask,88180.70,0.062,delta
1766187901939,501469161697,0,bid,88162.40,0,delta
1766187901939,501469161697,0,bid,88161.10,0.005,delta
1766187901939,501469161697,0,ask,88166.10,1.782,delta
1766187901939,501469161697,0,ask,88168.40,0,delta
1766187901939,501469161697,0,ask,88168.60,0.125,delta
1766187901939,501469161697,0,ask,88168.70,0,delta
1766187901939,501469161697,0,ask,88170.90,0,delta
1766187901939,501469161697,0,ask,88172.50,0.034,delta
1766187901939,501469161697,0,ask,88174.00,0.049,delta
1766187901939,501469161697,0,ask,88174.70,0.005,delta
1766187901939,501469161697,0,ask,88174.90,0.127,delta
1766187901939,501469161697,0,ask,88175.40,2.042,delta
1766187901939,501469161697,0,ask,88175.50,0,delta
1766187901939,501469161697,0,ask,88176.00,0.001,delta
1766187901939,501469161697,0,ask,88176.10,0,delta
1766187901939,501469161697,0,ask,88177.10,0,delta
1766187901939,501469161697,0,ask,88180.80,0.008,delta
1766187901939,501469161697,0,ask,88180.90,0.056,delta
1766187901959,501469161885,0,bid,88162.10,0.005,delta
1766187901959,501469161885,0,bid,88161.10,0,delta
1766187901959,501469161885,0,bid,88159.60,0.067,delta
1766187901959,501469161885,0,ask,88168.60,0.120,delta
1766187901959,501469161885,0,ask,88169.60,0.005,delta
1766187901959,501469161885,0,ask,88174.70,0,delta
1766187901959,501469161885,0,ask,88175.30,0.005,delta
1766187901959,501469161885,0,ask,88175.40,0.001,delta
1766187901959,501469161885,0,ask,88176.30,2.041,delta
1766187901959,501469161885,0,ask,88180.60,3.445,delta
1766187901959,501469161885,0,ask,88180.80,0,delta
1766187901959,501469161885,0,ask,88180.90,0,delta
1766187901979,501469162064,0,bid,88166.00,1.138,delta
1766187901979,501469162064,0,bid,88165.90,0.651,delta
1766187901979,501469162064,0,bid,88163.50,0.013,delta
1766187901979,501469162064,0,bid,88162.10,0,delta
1766187901979,501469162064,0,bid,88157.50,3.967,delta
1766187901979,501469162064,0,ask,88166.10,2.233,delta
1766187901979,501469162064,0,ask,88166.80,0.011,delta
1766187901979,501469162064,0,ask,88169.60,0,delta
1766187901979,501469162064,0,ask,88170.90,0.005,delta
1766187901979,501469162064,0,ask,88171.10,0,delta
1766187901979,501469162064,0,ask,88173.10,0.121,delta
1766187901979,501469162064,0,ask,88174.90,0,delta
1766187901979,501469162064,0,ask,88175.30,0,delta
1766187901979,501469162064,0,ask,88176.30,0,delta
1766187901979,501469162064,0,ask,88176.80,1.394,delta
1766187901979,501469162064,0,ask,88176.90,2.041,delta
1766187901979,501469162064,0,ask,88178.60,0.240,delta
1766187901979,501469162064,0,ask,88180.50,2.246,delta
1766187901979,501469162064,0,ask,88180.80,0.008,delta
1766187901999,501469162156,0,bid,88165.80,0.654,delta
1766187901999,501469162156,0,bid,88165.70,0.655,delta
1766187901999,501469162156,0,bid,88163.50,0.008,delta
1766187901999,501469162156,0,bid,88162.40,0.005,delta
1766187901999,501469162156,0,bid,88157.50,0,delta
1766187901999,501469162156,0,ask,88166.10,2.438,delta
1766187901999,501469162156,0,ask,88172.40,0.005,delta
1766187901999,501469162156,0,ask,88176.60,2.042,delta
1766187901999,501469162156,0,ask,88176.90,0,delta
1766187902019,501469162253,0,bid,88165.90,1.193,delta
1766187902019,501469162253,0,bid,88165.60,0.008,delta
1766187902019,501469162253,0,bid,88163.40,0.008,delta
1766187902019,501469162253,0,bid,88162.40,0,delta
1766187902019,501469162253,0,bid,88157.50,3.967,delta
1766187902019,501469162253,0,ask,88166.10,2.428,delta
1766187902019,501469162253,0,ask,88176.60,0.001,delta
1766187902019,501469162253,0,ask,88176.70,2.287,delta
1766187902019,501469162253,0,ask,88176.80,1.389,delta
1766187902019,501469162253,0,ask,88176.90,2.041,delta
1766187902019,501469162253,0,ask,88177.70,0.172,delta
1766187902019,501469162253,0,ask,88180.50,0,delta
1766187902039,501469162365,0,bid,88166.00,1.153,delta
1766187902039,501469162365,0,bid,88164.80,0.002,delta
1766187902039,501469162365,0,bid,88163.40,0.003,delta
1766187902039,501469162365,0,bid,88162.40,0.005,delta
1766187902039,501469162365,0,bid,88157.60,0,delta
1766187902039,501469162365,0,bid,88157.50,0,delta
1766187902039,501469162365,0,ask,88166.10,2.266,delta
1766187902039,501469162365,0,ask,88168.60,0,delta
1766187902039,501469162365,0,ask,88169.70,0,delta
1766187902039,501469162365,0,ask,88171.90,0.005,delta
1766187902039,501469162365,0,ask,88172.40,0,delta
1766187902039,501469162365,0,ask,88175.90,0.005,delta
1766187902039,501469162365,0,ask,88176.30,2.041,delta
1766187902039,501469162365,0,ask,88176.70,2.331,delta
1766187902039,501469162365,0,ask,88176.90,0,delta
1766187902039,501469162365,0,ask,88177.00,0,delta
1766187902039,501469162365,0,ask,88177.70,0,delta
1766187902039,501469162365,0,ask,88179.80,0.032,delta
1766187902039,501469162365,0,ask,88180.90,0.056,delta
1766187902039,501469162365,0,ask,88181.00,0.012,delta
1766187902039,501469162365,0,ask,88181.10,0.008,delta
1766187902059,501469162499,0,bid,88166.00,1.299,delta
1766187902059,501469162499,0,bid,88164.20,0.005,delta
1766187902059,501469162499,0,bid,88162.40,0,delta
1766187902059,501469162499,0,ask,88166.10,1.420,delta
1766187902059,501469162499,0,ask,88167.60,0,delta
1766187902059,501469162499,0,ask,88170.90,0,delta
1766187902059,501469162499,0,ask,88171.00,0.001,delta
1766187902059,501469162499,0,ask,88171.80,0.005,delta
1766187902059,501469162499,0,ask,88171.90,0,delta
1766187902059,501469162499,0,ask,88172.00,0,delta
1766187902059,501469162499,0,ask,88173.20,0.102,delta
1766187902059,501469162499,0,ask,88173.50,0.005,delta
1766187902059,501469162499,0,ask,88174.60,0.120,delta
1766187902059,501469162499,0,ask,88175.90,0,delta
1766187902059,501469162499,0,ask,88176.30,0,delta
1766187902059,501469162499,0,ask,88176.40,0.160,delta
1766187902059,501469162499,0,ask,88177.50,0.240,delta
1766187902059,501469162499,0,ask,88177.80,0.005,delta
1766187902059,501469162499,0,ask,88178.50,2.045,delta
1766187902059,501469162499,0,ask,88181.20,0.010,delta
1766187902059,501469162499,0,ask,88181.30,0.024,delta
1766187902079,501469162566,0,bid,88166.00,1.300,delta
1766187902079,501469162566,0,bid,88163.70,0.024,delta
1766187902079,501469162566,0,ask,88171.80,0,delta
1766187902079,501469162566,0,ask,88172.40,0.005,delta
1766187902079,501469162566,0,ask,88174.00,0,delta
1766187902079,501469162566,0,ask,88181.50,0.008,delta
1766187902119,501469162957,0,bid,88166.00,1.645,delta
1766187902119,501469162957,0,bid,88159.00,0.028,delta
1766187902119,501469162957,0,bid,88158.10,0.105,delta
1766187902119,501469162957,0,bid,88158.00,0,delta
1766187902119,501469162957,0,bid,88157.60,2.363,delta
1766187902119,501469162957,0,ask,88166.10,1.363,delta
1766187902119,501469162957,0,ask,88177.80,0,delta
1766187902119,501469162957,0,ask,88177.90,0.009,delta
1766187902119,501469162957,0,ask,88181.60,0.016,delta
1766187902139,501469163034,0,bid,88164.20,0,delta
1766187902139,501469163034,0,bid,88163.90,0.042,delta
1766187902139,501469163034,0,bid,88158.10,0.199,delta
1766187902139,501469163034,0,bid,88157.50,3.967,delta
1766187902139,501469163034,0,ask,88166.10,1.803,delta
1766187902139,501469163034,0,ask,88166.80,0,delta
1766187902139,501469163034,0,ask,88173.00,0.006,delta
1766187902139,501469163034,0,ask,88173.50,0,delta
1766187902139,501469163034,0,ask,88177.40,2.046,delta
1766187902139,501469163034,0,ask,88177.90,0.004,delta
1766187902139,501469163034,0,ask,88178.50,0.004,delta
1766187902139,501469163034,0,ask,88181.70,0.001,delta
1766187902159,501469163098,0,bid,88166.00,1.646,delta
1766187902159,501469163098,0,bid,88157.50,3.968,delta
1766187902159,501469163098,0,ask,88177.40,0.005,delta
1766187902159,501469163098,0,ask,88178.50,2.045,delta
1766187902179,501469163148,0,bid,88158.50,0.128,delta
1766187902199,501469163201,0,ask,88173.00,0.001,delta
1766187902199,501469163201,0,ask,88173.10,0.126,delta
1766187902219,501469163316,0,bid,88166.00,1.748,delta
1766187902219,501469163316,0,bid,88164.20,0.005,delta
1766187902219,501469163316,0,bid,88163.90,0.037,delta
1766187902219,501469163316,0,bid,88158.80,0.060,delta
1766187902219,501469163316,0,bid,88157.50,0,delta
1766187902219,501469163316,0,ask,88166.10,1.338,delta
1766187902219,501469163316,0,ask,88172.50,0,delta
1766187902219,501469163316,0,ask,88173.10,0.001,delta
1766187902219,501469163316,0,ask,88173.80,0.005,delta
1766187902219,501469163316,0,ask,88174.60,0,delta
1766187902219,501469163316,0,ask,88176.40,0.120,delta
1766187902219,501469163316,0,ask,88176.70,0.049,delta
1766187902219,501469163316,0,ask,88176.80,0,delta
1766187902219,501469163316,0,ask,88177.40,0,delta
1766187902219,501469163316,0,ask,88177.50,0.120,delta
1766187902219,501469163316,0,ask,88178.00,0.005,delta
1766187902219,501469163316,0,ask,88178.60,0.160,delta
1766187902219,501469163316,0,ask,88179.10,0.004,delta
1766187902219,501469163316,0,ask,88181.80,0.016,delta
1766187902219,501469163316,0,ask,88181.90,0.008,delta
1766187902239,501469163446,0,bid,88166.00,1.868,delta
1766187902239,501469163446,0,bid,88164.20,0,delta
1766187902239,501469163446,0,bid,88163.10,0.002,delta
1766187902239,501469163446,0,bid,88162.50,1.134,delta
1766187902239,501469163446,0,bid,88160.70,0.098,delta
1766187902239,501469163446,0,bid,88158.10,0.271,delta
1766187902239,501469163446,0,ask,88166.10,1.145,delta
1766187902239,501469163446,0,ask,88172.40,0,delta
1766187902239,501469163446,0,ask,88173.20,0,delta
1766187902239,501469163446,0,ask,88173.80,0,delta
1766187902239,501469163446,0,ask,88174.10,0.005,delta
1766187902239,501469163446,0,ask,88175.90,0.005,delta
1766187902239,501469163446,0,ask,88176.70,0,delta
1766187902239,501469163446,0,ask,88178.00,0,delta
1766187902239,501469163446,0,ask,88178.50,0.004,delta
1766187902239,501469163446,0,ask,88178.60,0.120,delta
1766187902239,501469163446,0,ask,88179.80,0.037,delta
1766187902239,501469163446,0,ask,88180.00,2.046,delta
1766187902239,501469163446,0,ask,88181.80,0.050,delta
1766187902239,501469163446,0,ask,88182.00,0.010,delta
1766187902239,501469163446,0,ask,88182.10,0.173,delta
1766187902239,501469163446,0,ask,88182.20,0.102,delta
1766187902259,501469163490,0,bid,88162.60,0.897,delta
1766187902259,501469163490,0,bid,88162.00,0,delta
1766187902259,501469163490,0,ask,88174.10,0,delta
1766187902259,501469163490,0,ask,88175.30,0.005,delta
1766187902259,501469163490,0,ask,88179.20,0,delta
1766187902259,501469163490,0,ask,88179.80,0.032,delta
1766187902259,501469163490,0,ask,88180.00,0.005,delta
1766187902259,501469163490,0,ask,88180.20,0.006,delta
1766187902259,501469163490,0,ask,88180.30,0.020,delta
1766187902259,501469163490,0,ask,88182.30,0.032,delta
1766187902279,501469163524,0,bid,88159.00,0.008,delta
1766187902279,501469163524,0,bid,88158.20,0.080,delta
1766187902279,501469163524,0,ask,88168.50,0,delta
1766187902279,501469163524,0,ask,88180.50,2.041,delta
1766187902279,501469163524,0,ask,88180.60,0,delta
1766187902279,501469163524,0,ask,88182.40,2.254,delta
1766187902299,501469163557,0,ask,88180.20,0.005,delta
1766187902299,501469163557,0,ask,88180.50,0,delta
1766187902299,501469163557,0,ask,88180.60,2.041,delta
1766187902299,501469163557,0,ask,88182.00,1.144,delta
1766187902319,501469163607,0,ask,88174.10,0.005,delta
1766187902319,501469163607,0,ask,88175.30,0,delta
1766187902319,501469163607,0,ask,88179.90,0.005,delta
1766187902319,501469163607,0,ask,88180.00,2.046,delta
1766187902319,501469163607,0,ask,88180.20,0,delta
1766187902319,501469163607,0,ask,88180.60,0,delta
1766187902319,501469163607,0,ask,88182.30,1.421,delta
1766187902319,501469163607,0,ask,88182.50,0.005,delta
1766187902339,501469163640,0,ask,88182.50,0.004,delta
1766187902359,501469163666,0,bid,88160.70,0.170,delta
1766187902359,501469163666,0,bid,88158.50,0.108,delta
1766187902359,501469163666,0,ask,88179.80,0.037,delta
1766187902359,501469163666,0,ask,88179.90,0,delta
1766187902359,501469163666,0,ask,88182.20,2.889,delta
1766187902359,501469163666,0,ask,88182.60,0.004,delta
1766187902379,501469163721,0,bid,88165.80,0.655,delta
1766187902379,501469163721,0,ask,88175.30,0.005,delta
1766187902379,501469163721,0,ask,88175.90,0,delta
1766187902379,501469163721,0,ask,88179.50,0.005,delta
1766187902379,501469163721,0,ask,88179.70,2.041,delta
1766187902379,501469163721,0,ask,88179.80,0.032,delta
1766187902379,501469163721,0,ask,88180.00,0.005,delta
1766187902379,501469163721,0,ask,88180.10,0.014,delta
1766187902379,501469163721,0,ask,88182.50,0,delta
1766187902379,501469163721,0,ask,88182.60,0,delta
1766187902399,501469163812,0,bid,88166.00,1.861,delta
1766187902399,501469163812,0,bid,88164.00,0.007,delta
1766187902399,501469163812,0,bid,88158.80,0.040,delta
1766187902399,501469163812,0,ask,88172.90,0.005,delta
1766187902399,501469163812,0,ask,88173.50,0.005,delta
1766187902399,501469163812,0,ask,88174.10,0,delta
1766187902399,501469163812,0,ask,88175.30,0,delta
1766187902399,501469163812,0,ask,88177.50,0.125,delta
1766187902399,501469163812,0,ask,88178.50,2.045,delta
1766187902399,501469163812,0,ask,88179.50,0,delta
1766187902399,501469163812,0,ask,88179.70,0,delta
1766187902399,501469163812,0,ask,88182.50,0.004,delta
1766187902399,501469163812,0,ask,88182.60,0.004,delta
1766187902419,501469163853,0,bid,88165.60,0.013,delta
1766187902419,501469163853,0,bid,88164.00,0.002,delta
1766187902419,501469163853,0,ask,88172.90,0,delta
1766187902419,501469163853,0,ask,88173.40,0.005,delta
1766187902419,501469163853,0,ask,88173.50,0,delta
1766187902419,501469163853,0,ask,88175.30,0.005,delta
1766187902419,501469163853,0,ask,88177.50,0.120,delta
1766187902419,501469163853,0,ask,88178.50,0.004,delta
1766187902419,501469163853,0,ask,88179.20,0.005,delta
1766187902419,501469163853,0,ask,88179.70,2.041,delta
1766187902419,501469163853,0,ask,88182.50,0,delta
1766187902419,501469163853,0,ask,88182.60,0,delta
1766187902439,501469163890,0,ask,88179.00,0.010,delta
1766187902439,501469163890,0,ask,88179.20,0,delta
1766187902439,501469163890,0,ask,88182.50,0.005,delta
1766187902459,501469163906,0,bid,88165.60,0.008,delta
1766187902459,501469163906,0,bid,88165.50,0.377,delta
1766187902459,501469163906,0,ask,88179.00,0.005,delta
1766187902459,501469163906,0,ask,88179.10,0.009,delta
1766187902499,501469163991,0,bid,88166.00,1.864,delta
1766187902499,501469163991,0,bid,88165.50,0.372,delta
1766187902499,501469163991,0,bid,88164.90,0.005,delta
1766187902499,501469163991,0,bid,88157.60,0,delta
1766187902499,501469163991,0,ask,88166.10,1.448,delta
1766187902499,501469163991,0,ask,88177.10,0.001,delta
1766187902499,501469163991,0,ask,88182.50,0,delta
1766187902519,501469164066,0,bid,88166.00,1.862,delta
1766187902519,501469164066,0,ask,88172.90,0.005,delta
1766187902519,501469164066,0,ask,88173.40,0,delta
1766187902519,501469164066,0,ask,88178.90,0.005,delta
1766187902519,501469164066,0,ask,88179.10,0.004,delta
1766187902519,501469164066,0,ask,88179.30,0.054,delta
1766187902519,501469164066,0,ask,88182.40,0,delta
1766187902539,501469164138,0,ask,88179.20,2.041,delta
1766187902539,501469164138,0,ask,88179.70,0,delta
1766187902559,501469164186,0,ask,88181.20,0,delta
1766187902559,501469164186,0,ask,88182.40,2.254,delta
1766187902599,501469164308,0,ask,88172.90,0,delta
1766187902599,501469164308,0,ask,88173.00,0.006,delta
1766187902599,501469164308,0,ask,88178.90,0,delta
1766187902599,501469164308,0,ask,88179.00,0.010,delta
1766187902599,501469164308,0,ask,88182.50,0.004,delta
1766187902599,501469164308,0,ask,88182.60,0.004,delta
1766187902619,501469164390,0,bid,88163.90,0.039,delta
1766187902619,501469164390,0,ask,88166.10,1.390,delta
1766187902619,501469164390,0,ask,88173.00,0.001,delta
1766187902619,501469164390,0,ask,88173.50,0.005,delta
1766187902619,501469164390,0,ask,88182.00,1.193,delta
1766187902619,501469164390,0,ask,88182.60,0,delta
1766187902639,501469164425,0,ask,88166.10,1.394,delta
1766187902639,501469164425,0,ask,88182.50,0.005,delta
1766187902659,501469164467,0,bid,88166.00,1.211,delta
1766187902659,501469164467,0,bid,88158.80,0.060,delta
1766187902659,501469164467,0,ask,88172.90,0.005,delta
1766187902659,501469164467,0,ask,88173.50,0,delta
1766187902659,501469164467,0,ask,88174.10,0.005,delta
1766187902659,501469164467,0,ask,88175.30,0,delta
1766187902659,501469164467,0,ask,88178.50,0.009,delta
1766187902659,501469164467,0,ask,88179.00,0.005,delta
1766187902659,501469164467,0,ask,88179.10,2.045,delta
1766187902659,501469164467,0,ask,88179.20,0,delta
1766187902659,501469164467,0,ask,88182.60,0.004,delta
1766187902680,501469164503,0,bid,88166.00,1.313,delta
1766187902680,501469164503,0,bid,88160.70,0.098,delta
1766187902680,501469164503,0,ask,88174.10,0,delta
1766187902680,501469164503,0,ask,88175.20,0.005,delta
1766187902680,501469164503,0,ask,88179.00,2.046,delta
1766187902680,501469164503,0,ask,88179.10,0.004,delta
1766187902699,501469164567,0,bid,88166.00,1.963,delta
1766187902699,501469164567,0,bid,88160.70,0.004,delta
1766187902699,501469164567,0,bid,88159.00,0.028,delta
1766187902699,501469164567,0,bid,88158.90,0.371,delta
1766187902699,501469164567,0,bid,88158.70,0.554,delta
1766187902699,501469164567,0,bid,88158.30,0.057,delta
1766187902699,501469164567,0,ask,88166.10,1.091,delta
1766187902699,501469164567,0,ask,88172.90,0,delta
1766187902699,501469164567,0,ask,88173.50,0.005,delta
1766187902699,501469164567,0,ask,88178.50,0.004,delta
1766187902699,501469164567,0,ask,88179.00,0.010,delta
1766187902699,501469164567,0,ask,88179.70,2.041,delta
1766187902699,501469164567,0,ask,88182.60,0,delta
1766187902720,501469164618,0,bid,88166.00,1.964,delta
1766187902720,501469164618,0,bid,88165.70,0.660,delta
1766187902720,501469164618,0,bid,88164.90,0,delta
1766187902720,501469164618,0,bid,88158.30,0.037,delta
1766187902720,501469164618,0,bid,88158.20,0.060,delta
1766187902720,501469164618,0,bid,88157.60,2.363,delta
1766187902720,501469164618,0,ask,88175.10,0.005,delta
1766187902720,501469164618,0,ask,88175.20,0,delta
1766187902720,501469164618,0,ask,88176.00,0.002,delta
1766187902720,501469164618,0,ask,88179.00,0.005,delta
1766187902720,501469164618,0,ask,88179.30,0.059,delta
1766187902739,501469164683,0,ask,88166.10,1.095,delta
1766187902739,501469164683,0,ask,88175.00,0.005,delta
1766187902739,501469164683,0,ask,88175.10,0,delta
1766187902759,501469164735,0,ask,88174.90,0.005,delta
1766187902759,501469164735,0,ask,88175.00,0,delta
1766187902779,501469164791,0,bid,88166.00,1.966,delta
1766187902779,501469164791,0,ask,88174.80,0.005,delta
1766187902779,501469164791,0,ask,88174.90,0,delta
1766187902779,501469164791,0,ask,88179.20,0.005,delta
1766187902779,501469164791,0,ask,88179.30,0.054,delta
1766187902779,501469164791,0,ask,88182.50,0,delta
1766187902799,501469164836,0,bid,88165.70,0.655,delta
1766187902799,501469164836,0,bid,88165.50,0.377,delta
1766187902799,501469164836,0,ask,88174.80,0,delta
1766187902799,501469164836,0,ask,88175.30,0.005,delta
1766187902819,501469164884,0,bid,88166.00,2.077,delta
1766187902819,501469164884,0,ask,88179.20,0,delta
1766187902819,501469164884,0,ask,88179.30,0.059,delta
1766187902819,501469164884,0,ask,88182.50,0.005,delta
1766187902839,501469164941,0,bid,88160.00,0.002,delta
1766187902839,501469164941,0,ask,88172.30,0.003,delta
1766187902839,501469164941,0,ask,88178.50,0.007,delta
1766187902839,501469164941,0,ask,88179.20,0.005,delta
1766187902839,501469164941,0,ask,88179.30,0.054,delta
1766187902839,501469164941,0,ask,88182.40,0,delta
1766187902839,501469164941,0,ask,88182.50,0,delta
1766187902859,501469165004,0,bid,88160.70,0.076,delta
1766187902859,501469165004,0,bid,88158.80,0.040,delta
1766187902859,501469165004,0,bid,88158.20,0.080,delta
1766187902859,501469165004,0,ask,88179.70,0,delta
1766187902859,501469165004,0,ask,88182.40,2.254,delta
1766187902879,501469165060,0,bid,88165.50,0.372,delta
1766187902879,501469165060,0,bid,88164.90,0.005,delta
1766187902879,501469165060,0,bid,88157.60,0,delta
1766187902879,501469165060,0,ask,88179.20,2.046,delta
1766187902899,501469165098,0,ask,88166.10,1.117,delta
1766187902919,501469165147,0,ask,88179.10,0.009,delta
1766187902919,501469165147,0,ask,88179.20,2.041,delta
1766187902939,501469165194,0,bid,88159.00,0.008,delta
1766187902939,501469165194,0,ask,88166.10,1.306,delta
1766187902959,501469165227,0,ask,88178.90,0.005,delta
1766187902959,501469165227,0,ask,88179.10,0.004,delta
1766187902959,501469165227,0,ask,88182.40,0,delta
1766187902979,501469165255,0,ask,88166.10,1.302,delta
1766187902979,501469165255,0,ask,88178.90,0,delta
1766187902979,501469165255,0,ask,88179.00,0.010,delta
1766187902979,501469165255,0,ask,88182.40,2.254,delta
1766187902999,501469165290,0,bid,88160.70,0.004,delta
1766187903019,501469165319,0,ask,88173.00,0.006,delta
1766187903019,501469165319,0,ask,88173.50,0,delta
1766187903019,501469165319,0,ask,88178.80,0.005,delta
1766187903019,501469165319,0,ask,88179.00,0.005,delta
1766187903039,501469165365,0,ask,88166.10,1.306,delta
1766187903039,501469165365,0,ask,88173.00,0.001,delta
1766187903039,501469165365,0,ask,88173.50,0.005,delta
1766187903039,501469165365,0,ask,88178.80,0,delta
1766187903039,501469165365,0,ask,88179.00,0.010,delta
1766187903039,501469165365,0,ask,88180.00,0.006,delta
1766187903059,501469165402,0,bid,88166.00,2.079,delta
1766187903059,501469165402,0,ask,88172.90,0.005,delta
1766187903059,501469165402,0,ask,88173.50,0,delta
1766187903059,501469165402,0,ask,88178.70,0.008,delta
1766187903059,501469165402,0,ask,88179.00,0.005,delta
1766187903079,501469165437,0,bid,88166.00,2.077,delta
1766187903079,501469165437,0,bid,88158.90,0.032,delta
1766187903079,501469165437,0,ask,88166.10,1.307,delta
1766187903079,501469165437,0,ask,88181.20,2.246,delta
1766187903079,501469165437,0,ask,88182.40,0,delta
1766187903100,501469165470,0,bid,88166.00,2.068,delta
1766187903100,501469165470,0,bid,88158.20,0.060,delta
1766187903119,501469165487,0,ask,88178.70,0.003,delta
1766187903119,501469165487,0,ask,88178.80,0.005,delta
1766187903119,501469165487,0,ask,88182.30,0,delta
1766187903139,501469165508,0,bid,88158.30,0.057,delta
1766187903159,501469165525,0,bid,88163.10,0.004,delta
1766187903159,501469165525,0,ask,88166.10,1.606,delta
1766187903179,501469165556,0,bid,88158.40,0.064,delta
1766187903179,501469165556,0,ask,88166.10,1.602,delta
1766187903179,501469165556,0,ask,88178.70,0.008,delta
1766187903179,501469165556,0,ask,88178.80,0,delta
1766187903179,501469165556,0,ask,88182.30,1.421,delta
1766187903199,501469165597,0,bid,88166.00,2.077,delta
1766187903199,501469165597,0,ask,88166.10,1.606,delta
1766187903219,501469165626,0,ask,88166.10,1.602,delta
1766187903219,501469165626,0,ask,88178.70,0.003,delta
1766187903219,501469165626,0,ask,88178.80,0.005,delta
1766187903219,501469165626,0,ask,88182.30,0,delta
1766187903239,501469165665,0,bid,88165.50,0,delta
1766187903239,501469165665,0,bid,88157.60,2.363,delta
1766187903259,501469165715,0,bid,88158.00,0.020,delta
1766187903259,501469165715,0,bid,88157.60,0,delta
1766187903259,501469165715,0,ask,88166.10,1.590,delta
1766187903279,501469165741,0,bid,88158.10,0.291,delta
1766187903279,501469165741,0,ask,88172.90,0,delta
1766187903279,501469165741,0,ask,88173.50,0.005,delta
1766187903299,501469165779,0,bid,88166.00,2.068,delta
1766187903299,501469165779,0,bid,88158.80,0.060,delta
1766187903299,501469165779,0,bid,88158.00,0,delta
1766187903299,501469165779,0,bid,88157.60,2.363,delta
1766187903299,501469165779,0,ask,88166.10,1.594,delta
1766187903299,501469165779,0,ask,88178.80,0,delta
1766187903299,501469165779,0,ask,88178.90,0.005,delta
1766187903339,501469165849,0,bid,88166.00,2.070,delta
1766187903339,501469165849,0,bid,88158.30,0.037,delta
1766187903339,501469165849,0,ask,88181.70,0.002,delta
1766187903359,501469165869,0,bid,88166.00,2.068,delta
1766187903359,501469165869,0,bid,88158.40,0.044,delta
1766187903399,501469165910,0,bid,88166.00,2.077,delta
1766187903399,501469165910,0,ask,88166.10,1.590,delta
1766187903399,501469165910,0,ask,88181.20,0,delta
1766187903399,501469165910,0,ask,88181.70,2.248,delta
1766187903399,501469165910,0,ask,88182.30,1.421,delta
1766187903419,501469165942,0,ask,88166.10,1.594,delta
1766187903439,501469165974,0,ask,88166.10,1.590,delta
1766187903439,501469165974,0,ask,88181.70,0.002,delta
1766187903479,501469166029,0,ask,88166.10,1.594,delta
1766187903499,501469166056,0,bid,88158.10,0.271,delta
1766187903520,501469166089,0,ask,88172.40,0.001,delta
1766187903520,501469166089,0,ask,88182.30,0,delta
1766187903559,501469166134,0,ask,88178.90,0,delta
1766187903559,501469166134,0,ask,88179.00,0.010,delta
1766187903559,501469166134,0,ask,88182.30,1.421,delta
1766187903619,501469166213,0,bid,88166.00,2.079,delta
1766187903639,501469166246,0,bid,88166.00,2.077,delta
1766187903639,501469166246,0,ask,88178.90,0.005,delta
1766187903639,501469166246,0,ask,88179.00,0.005,delta
1766187903639,501469166246,0,ask,88182.30,0,delta
1766187903659,501469166269,0,bid,88166.00,2.079,delta
1766187903659,501469166269,0,ask,88178.90,0,delta
1766187903659,501469166269,0,ask,88179.00,0.010,delta
1766187903659,501469166269,0,ask,88182.30,1.421,delta
1766187903679,501469166301,0,bid,88166.00,2.077,delta
1766187903679,501469166301,0,bid,88161.30,0.002,delta
1766187903679,501469166301,0,bid,88157.60,0,delta
1766187903699,501469166324,0,bid,88157.70,0.029,delta
1766187903699,501469166324,0,ask,88166.10,1.590,delta
1766187903720,501469166366,0,bid,88158.80,0.040,delta
1766187903720,501469166366,0,ask,88166.10,1.594,delta
1766187903739,501469166402,0,bid,88158.80,0.060,delta
1766187903760,501469166423,0,ask,88166.10,1.590,delta
1766187903779,501469166448,0,ask,88166.10,1.594,delta
1766187903839,501469166521,0,ask,88166.10,1.590,delta
1766187903879,501469166577,0,ask,88166.10,1.291,delta
1766187903879,501469166577,0,ask,88179.00,0.005,delta
1766187903879,501469166577,0,ask,88179.20,2.046,delta
1766187903899,501469166627,0,ask,88179.10,0.009,delta
1766187903899,501469166627,0,ask,88179.20,2.041,delta
1766187903919,501469166660,0,bid,88166.00,2.079,delta
1766187903919,501469166660,0,bid,88158.80,0.040,delta
1766187903939,501469166701,0,bid,88158.80,0.060,delta
1766187903939,501469166701,0,bid,88157.70,0.009,delta
1766187903939,501469166701,0,ask,88179.10,0.004,delta
1766187903939,501469166701,0,ask,88179.20,2.046,delta
1766187903959,501469166734,0,bid,88166.00,2.077,delta
1766187904079,501469166886,0,ask,88179.30,0.005,delta
1766187904100,501469166913,0,ask,88179.10,2.045,delta
1766187904100,501469166913,0,ask,88179.20,0.005,delta
1766187904119,501469166931,0,ask,88179.10,0.009,delta
1766187904119,501469166931,0,ask,88179.20,0,delta
1766187904119,501469166931,0,ask,88179.70,2.041,delta
1766187904200,501469166997,0,ask,88179.10,0.004,delta
1766187904200,501469166997,0,ask,88179.20,0.005,delta
1766187904200,501469166997,0,ask,88182.30,0,delta
1766187904259,501469167045,0,ask,88166.50,0.002,delta
1766187904259,501469167045,0,ask,88182.20,0,delta
1766187904299,501469167100,0,ask,88179.30,0.054,delta
1766187904299,501469167100,0,ask,88181.40,2.246,delta
1766187904299,501469167100,0,ask,88182.10,0,delta
1766187904319,501469167123,0,ask,88179.10,0.009,delta
1766187904319,501469167123,0,ask,88179.20,2.041,delta
1766187904319,501469167123,0,ask,88179.70,0,delta
1766187904319,501469167123,0,ask,88181.40,0,delta
1766187904319,501469167123,0,ask,88182.00,3.439,delta
1766187904319,501469167123,0,ask,88182.10,0.173,delta
1766187904319,501469167123,0,ask,88182.20,2.889,delta
1766187904339,501469167149,0,bid,88158.90,0.258,delta
1766187904359,501469167172,0,bid,88158.20,0.080,delta
1766187904379,501469167204,0,bid,88166.00,2.145,delta
1766187904399,501469167243,0,bid,88159.00,0.028,delta
1766187904399,501469167243,0,ask,88179.10,0.004,delta
1766187904399,501469167243,0,ask,88179.20,2.046,delta
1766187904419,501469167270,0,ask,88182.00,3.390,delta
1766187904440,501469167297,0,bid,88158.80,0.040,delta
1766187904459,501469167309,0,bid,88160.70,0.098,delta
1766187904459,501469167309,0,ask,88179.30,0.005,delta
1766187904479,501469167331,0,bid,88158.20,0.060,delta
1766187904479,501469167331,0,ask,88179.10,0.009,delta
1766187904479,501469167331,0,ask,88179.20,0,delta
1766187904479,501469167331,0,ask,88179.70,2.041,delta
1766187904539,501469167392,0,bid,88166.00,2.157,delta
1766187904539,501469167392,0,bid,88158.90,0.032,delta
1766187904539,501469167392,0,ask,88179.70,0,delta
1766187904539,501469167392,0,ask,88182.30,1.421,delta
1766187904559,501469167425,0,bid,88166.00,2.155,delta
1766187904559,501469167425,0,bid,88158.20,0.080,delta
1766187904599,501469167511,0,bid,88165.50,0.005,delta
1766187904599,501469167511,0,bid,88164.90,0,delta
1766187904599,501469167511,0,ask,88173.50,0,delta
1766187904599,501469167511,0,ask,88173.80,0.005,delta
1766187904599,501469167511,0,ask,88179.10,0.004,delta
1766187904599,501469167511,0,ask,88179.40,0.005,delta
1766187904599,501469167511,0,ask,88182.30,0,delta
1766187904619,501469167549,0,ask,88179.40,0,delta
1766187904619,501469167549,0,ask,88179.50,0.005,delta
1766187904619,501469167549,0,ask,88180.90,0.016,delta
1766187904639,501469167686,0,bid,88166.00,3.294,delta
1766187904639,501469167686,0,bid,88165.50,0,delta
1766187904639,501469167686,0,bid,88160.70,0.170,delta
1766187904639,501469167686,0,bid,88159.00,0.008,delta
1766187904639,501469167686,0,bid,88158.80,0.060,delta
1766187904639,501469167686,0,bid,88158.20,0.060,delta
1766187904639,501469167686,0,bid,88157.60,2.363,delta
1766187904639,501469167686,0,ask,88171.20,0,delta
1766187904639,501469167686,0,ask,88173.80,0,delta
1766187904639,501469167686,0,ask,88175.30,0,delta
1766187904639,501469167686,0,ask,88176.40,0,delta
1766187904639,501469167686,0,ask,88177.40,0.005,delta
1766187904639,501469167686,0,ask,88177.50,0,delta
1766187904639,501469167686,0,ask,88178.60,0,delta
1766187904639,501469167686,0,ask,88178.90,0.005,delta
1766187904639,501469167686,0,ask,88179.50,0,delta
1766187904639,501469167686,0,ask,88181.80,0.016,delta
1766187904639,501469167686,0,ask,88182.00,1.144,delta
1766187904639,501469167686,0,ask,88182.10,0.133,delta
1766187904639,501469167686,0,ask,88182.30,0.032,delta
1766187904639,501469167686,0,ask,88182.40,0.008,delta
1766187904639,501469167686,0,ask,88182.50,0.004,delta
1766187904639,501469167686,0,ask,88182.60,0.004,delta
1766187904639,501469167686,0,ask,88182.80,0.012,delta
1766187904659,501469167943,0,bid,88166.00,3.328,delta
1766187904659,501469167943,0,bid,88162.40,0.001,delta
1766187904659,501469167943,0,bid,88161.00,0.490,delta
1766187904659,501469167943,0,bid,88158.80,0.545,delta
1766187904659,501469167943,0,bid,88157.70,0.494,delta
1766187904659,501469167943,0,bid,88157.60,0,delta
1766187904659,501469167943,0,ask,88166.10,0.403,delta
1766187904659,501469167943,0,ask,88178.40,0.005,delta
1766187904659,501469167943,0,ask,88178.90,0,delta
1766187904659,501469167943,0,ask,88179.80,0.016,delta
1766187904659,501469167943,0,ask,88182.20,0.102,delta
1766187904659,501469167943,0,ask,88182.80,0.017,delta
1766187904679,501469168685,0,bid,88172.90,4.408,delta
1766187904679,501469168685,0,bid,88172.30,0.565,delta
1766187904679,501469168685,0,bid,88172.20,0.644,delta
1766187904679,501469168685,0,bid,88171.10,0.001,delta
1766187904679,501469168685,0,bid,88170.90,1.892,delta
1766187904679,501469168685,0,bid,88168.80,0.140,delta
1766187904679,501469168685,0,bid,88168.70,1.549,delta
1766187904679,501469168685,0,bid,88168.00,0.001,delta
1766187904679,501469168685,0,bid,88166.80,0.283,delta
1766187904679,501469168685,0,bid,88166.40,0.283,delta
1766187904679,501469168685,0,bid,88166.10,2.096,delta
1766187904679,501469168685,0,bid,88166.00,2.101,delta
1766187904679,501469168685,0,bid,88165.90,0.543,delta
1766187904679,501469168685,0,bid,88165.80,0.005,delta
1766187904679,501469168685,0,bid,88164.10,1.081,delta
1766187904679,501469168685,0,bid,88161.10,3.967,delta
1766187904679,501469168685,0,bid,88159.60,0,delta
1766187904679,501469168685,0,bid,88158.90,0.144,delta
1766187904679,501469168685,0,bid,88158.80,0,delta
1766187904679,501469168685,0,bid,88158.70,0,delta
1766187904679,501469168685,0,bid,88158.60,0,delta
1766187904679,501469168685,0,bid,88158.50,0,delta
1766187904679,501469168685,0,bid,88158.40,0,delta
1766187904679,501469168685,0,bid,88158.30,0,delta
1766187904679,501469168685,0,bid,88158.20,0,delta
1766187904679,501469168685,0,bid,88158.10,0,delta
1766187904679,501469168685,0,bid,88157.90,0,delta
1766187904679,501469168685,0,bid,88157.80,0,delta
1766187904679,501469168685,0,bid,88157.70,0,delta
1766187904679,501469168685,0,ask,88166.10,0,delta
1766187904679,501469168685,0,ask,88166.50,0,delta
1766187904679,501469168685,0,ask,88166.90,0,delta
1766187904679,501469168685,0,ask,88168.80,0,delta
1766187904679,501469168685,0,ask,88171.00,0,delta
1766187904679,501469168685,0,ask,88172.30,0,delta
1766187904679,501469168685,0,ask,88172.40,0,delta
1766187904679,501469168685,0,ask,88173.00,0.031,delta
1766187904679,501469168685,0,ask,88177.40,0,delta
1766187904679,501469168685,0,ask,88179.70,0.005,delta
1766187904679,501469168685,0,ask,88182.80,0.012,delta
1766187904679,501469168685,0,ask,88182.90,0.008,delta
1766187904679,501469168685,0,ask,88183.00,0.020,delta
1766187904679,501469168685,0,ask,88183.10,0.012,delta
1766187904679,501469168685,0,ask,88183.30,2.278,delta
1766187904679,501469168685,0,ask,88183.40,0.016,delta
1766187904679,501469168685,0,ask,88183.50,0.144,delta
1766187904679,501469168685,0,ask,88183.60,0.028,delta
1766187904699,501469169778,0,bid,88172.90,4.512,delta
1766187904699,501469169778,0,bid,88172.40,0.005,delta
1766187904699,501469169778,0,bid,88172.30,1.058,delta
1766187904699,501469169778,0,bid,88172.20,0,delta
1766187904699,501469169778,0,bid,88171.20,0.001,delta
1766187904699,501469169778,0,bid,88170.90,0,delta
1766187904699,501469169778,0,bid,88168.80,0,delta
1766187904699,501469169778,0,bid,88168.70,1.001,delta
1766187904699,501469169778,0,bid,88168.50,0.001,delta
1766187904699,501469169778,0,bid,88167.60,0.171,delta
1766187904699,501469169778,0,bid,88166.80,0,delta
1766187904699,501469169778,0,bid,88166.40,0,delta
1766187904699,501469169778,0,bid,88166.30,0.299,delta
1766187904699,501469169778,0,bid,88166.10,1.859,delta
1766187904699,501469169778,0,bid,88166.00,1.820,delta
1766187904699,501469169778,0,bid,88165.90,0.001,delta
1766187904699,501469169778,0,bid,88165.60,0.658,delta
1766187904699,501469169778,0,bid,88165.40,0.654,delta
1766187904699,501469169778,0,bid,88164.80,0.652,delta
1766187904699,501469169778,0,bid,88164.10,1.092,delta
1766187904699,501469169778,0,bid,88163.60,0.011,delta
1766187904699,501469169778,0,bid,88162.80,0.003,delta
1766187904699,501469169778,0,bid,88162.60,2.110,delta
1766187904699,501469169778,0,bid,88161.80,0.001,delta
1766187904699,501469169778,0,bid,88161.30,0.172,delta
1766187904699,501469169778,0,bid,88161.10,4.193,delta
1766187904699,501469169778,0,bid,88159.30,0.005,delta
1766187904699,501469169778,0,bid,88159.20,0.007,delta
1766187904699,501469169778,0,bid,88159.10,0.025,delta
1766187904699,501469169778,0,bid,88159.00,0,delta
1766187904699,501469169778,0,bid,88158.90,0,delta
1766187904699,501469169778,0,ask,88173.00,0.357,delta
1766187904699,501469169778,0,ask,88173.90,0,delta
1766187904699,501469169778,0,ask,88174.20,0,delta
1766187904699,501469169778,0,ask,88178.40,0,delta
1766187904699,501469169778,0,ask,88179.70,0,delta
1766187904699,501469169778,0,ask,88180.60,0.005,delta
1766187904699,501469169778,0,ask,88182.00,0.010,delta
1766187904699,501469169778,0,ask,88182.10,0.138,delta
1766187904699,501469169778,0,ask,88182.20,0,delta
1766187904699,501469169778,0,ask,88183.30,0.032,delta
1766187904699,501469169778,0,ask,88183.80,0.012,delta
1766187904699,501469169778,0,ask,88183.90,0.029,delta
1766187904699,501469169778,0,ask,88184.00,0.022,delta
1766187904699,501469169778,0,ask,88184.10,0.008,delta
1766187904719,501469169996,0,bid,88172.90,4.031,delta
1766187904719,501469169996,0,bid,88172.80,0.001,delta
1766187904719,501469169996,0,bid,88172.50,0.341,delta
1766187904719,501469169996,0,bid,88172.40,0,delta
1766187904719,501469169996,0,bid,88172.30,0,delta
1766187904719,501469169996,0,bid,88171.20,0.006,delta
1766187904719,501469169996,0,bid,88168.70,0.821,delta
1766187904719,501469169996,0,bid,88166.20,2.247,delta
1766187904719,501469169996,0,bid,88166.10,0.235,delta
1766187904719,501469169996,0,bid,88165.30,0.001,delta
1766187904719,501469169996,0,bid,88161.10,3.967,delta
1766187904719,501469169996,0,bid,88160.30,0.230,delta
1766187904719,501469169996,0,bid,88159.30,0.010,delta
1766187904719,501469169996,0,bid,88159.20,0,delta
1766187904719,501469169996,0,bid,88159.10,0,delta
1766187904719,501469169996,0,ask,88176.00,0.001,delta
1766187904719,501469169996,0,ask,88180.20,0.005,delta
1766187904719,501469169996,0,ask,88180.60,0,delta
1766187904719,501469169996,0,ask,88181.50,0.013,delta
1766187904719,501469169996,0,ask,88182.10,0.133,delta
1766187904719,501469169996,0,ask,88184.00,0.021,delta
1766187904739,501469170227,0,bid,88172.90,4.034,delta
1766187904739,501469170227,0,bid,88172.50,0.137,delta
1766187904739,501469170227,0,bid,88171.30,0.005,delta
1766187904739,501469170227,0,bid,88171.20,0.001,delta
1766187904739,501469170227,0,bid,88166.40,0.015,delta
1766187904739,501469170227,0,bid,88166.30,0.319,delta
1766187904739,501469170227,0,bid,88166.10,0.100,delta
1766187904739,501469170227,0,bid,88165.30,0.651,delta
1766187904739,501469170227,0,bid,88159.70,0,delta
1766187904739,501469170227,0,bid,88159.30,0,delta
1766187904739,501469170227,0,ask,88173.00,0.330,delta
1766187904739,501469170227,0,ask,88176.60,0,delta
1766187904739,501469170227,0,ask,88179.80,0.032,delta
1766187904739,501469170227,0,ask,88180.20,0,delta
1766187904739,501469170227,0,ask,88180.60,0.005,delta
1766187904739,501469170227,0,ask,88181.50,0.008,delta
1766187904739,501469170227,0,ask,88181.90,0.013,delta
1766187904739,501469170227,0,ask,88184.30,0.016,delta
1766187904759,501469170840,0,bid,88173.50,5.891,delta
1766187904759,501469170840,0,bid,88173.10,1.824,delta
1766187904759,501469170840,0,bid,88173.00,1.455,delta
1766187904759,501469170840,0,bid,88172.90,1.472,delta
1766187904759,501469170840,0,bid,88172.50,0,delta
1766187904759,501469170840,0,bid,88168.70,0.454,delta
1766187904759,501469170840,0,bid,88167.60,0.243,delta
1766187904759,501469170840,0,bid,88166.30,0.020,delta
1766187904759,501469170840,0,bid,88166.00,1.754,delta
1766187904759,501469170840,0,bid,88164.20,0.738,delta
1766187904759,501469170840,0,bid,88164.10,0.015,delta
1766187904759,501469170840,0,bid,88160.70,0.098,delta
1766187904759,501469170840,0,bid,88160.00,0,delta
1766187904759,501469170840,0,bid,88159.90,0,delta
1766187904759,501469170840,0,bid,88159.80,0,delta
1766187904759,501469170840,0,ask,88173.00,0,delta
1766187904759,501469170840,0,ask,88173.10,0,delta
1766187904759,501469170840,0,ask,88179.80,0.016,delta
1766187904759,501469170840,0,ask,88180.60,0,delta
1766187904759,501469170840,0,ask,88181.50,0.013,delta
1766187904759,501469170840,0,ask,88181.90,0.008,delta
1766187904759,501469170840,0,ask,88182.10,0.013,delta
1766187904759,501469170840,0,ask,88184.40,0.016,delta
1766187904759,501469170840,0,ask,88184.50,0.008,delta
1766187904759,501469170840,0,ask,88184.60,0.016,delta
1766187904779,501469171609,0,bid,88175.30,1.299,delta
1766187904779,501469171609,0,bid,88175.00,0.010,delta
1766187904779,501469171609,0,bid,88174.90,0.010,delta
1766187904779,501469171609,0,bid,88173.80,0.299,delta
1766187904779,501469171609,0,bid,88173.60,0.472,delta
1766187904779,501469171609,0,bid,88173.50,3.019,delta
1766187904779,501469171609,0,bid,88173.10,0,delta
1766187904779,501469171609,0,bid,88173.00,0.101,delta
1766187904779,501469171609,0,bid,88172.90,0.890,delta
1766187904779,501469171609,0,bid,88167.80,0.001,delta
1766187904779,501469171609,0,bid,88166.50,0.020,delta
1766187904779,501469171609,0,bid,88164.80,0.002,delta
1766187904779,501469171609,0,bid,88164.70,0.512,delta
1766187904779,501469171609,0,bid,88164.20,0,delta
1766187904779,501469171609,0,bid,88161.00,0,delta
1766187904779,501469171609,0,bid,88160.70,0,delta
1766187904779,501469171609,0,bid,88160.60,0,delta
1766187904779,501469171609,0,bid,88160.40,0,delta
1766187904779,501469171609,0,bid,88160.30,0,delta
1766187904779,501469171609,0,bid,88160.20,0,delta
1766187904779,501469171609,0,ask,88173.60,0,delta
1766187904779,501469171609,0,ask,88180.60,0.005,delta
1766187904779,501469171609,0,ask,88181.50,0.008,delta
1766187904779,501469171609,0,ask,88182.00,0.015,delta
1766187904779,501469171609,0,ask,88183.50,0.024,delta
1766187904799,501469172394,0,bid,88175.30,2.646,delta
1766187904799,501469172394,0,bid,88175.00,0,delta
1766187904799,501469172394,0,bid,88174.90,0,delta
1766187904799,501469172394,0,bid,88173.60,1.542,delta
1766187904799,501469172394,0,bid,88173.50,0.964,delta
1766187904799,501469172394,0,bid,88173.10,0.005,delta
1766187904799,501469172394,0,bid,88172.80,0.651,delta
1766187904799,501469172394,0,bid,88171.30,0.650,delta
1766187904799,501469172394,0,bid,88171.20,0.651,delta
1766187904799,501469172394,0,bid,88168.70,0.342,delta
1766187904799,501469172394,0,bid,88167.70,0.073,delta
1766187904799,501469172394,0,bid,88166.50,1.097,delta
1766187904799,501469172394,0,bid,88166.20,1.533,delta
1766187904799,501469172394,0,bid,88165.60,0.008,delta
1766187904799,501469172394,0,bid,88165.40,0.004,delta
1766187904799,501469172394,0,bid,88165.30,0.001,delta
1766187904799,501469172394,0,bid,88164.90,0.135,delta
1766187904799,501469172394,0,bid,88164.70,0,delta
1766187904799,501469172394,0,ask,88175.40,0.330,delta
1766187904799,501469172394,0,ask,88180.60,0,delta
1766187904799,501469172394,0,ask,88181.40,0.005,delta
1766187904799,501469172394,0,ask,88182.00,0.010,delta
1766187904799,501469172394,0,ask,88182.70,0.005,delta
1766187904799,501469172394,0,ask,88184.60,0,delta
1766187904819,501469172673,0,bid,88175.30,2.644,delta
1766187904819,501469172673,0,bid,88173.70,1.169,delta
1766187904819,501469172673,0,bid,88173.60,0.100,delta
1766187904819,501469172673,0,bid,88173.10,0,delta
1766187904819,501469172673,0,bid,88171.90,0.002,delta
1766187904819,501469172673,0,bid,88171.40,0.467,delta
1766187904819,501469172673,0,bid,88167.70,0,delta
1766187904819,501469172673,0,bid,88167.40,0.008,delta
1766187904819,501469172673,0,bid,88166.30,0,delta
1766187904819,501469172673,0,bid,88166.20,0.839,delta
1766187904819,501469172673,0,bid,88162.40,0,delta
1766187904819,501469172673,0,bid,88161.40,0.226,delta
1766187904819,501469172673,0,bid,88161.10,0,delta
1766187904819,501469172673,0,ask,88181.00,0.017,delta
1766187904819,501469172673,0,ask,88181.40,0,delta
1766187904819,501469172673,0,ask,88182.30,0.037,delta
1766187904819,501469172673,0,ask,88182.70,0,delta
1766187904819,501469172673,0,ask,88184.60,0.016,delta
1766187904819,501469172673,0,ask,88184.70,1.135,delta
1766187904839,501469172884,0,bid,88173.70,0.738,delta
1766187904839,501469172884,0,bid,88171.90,0.652,delta
1766187904839,501469172884,0,bid,88171.40,1.117,delta
1766187904839,501469172884,0,bid,88171.20,0.001,delta
1766187904839,501469172884,0,bid,88165.70,0.005,delta
1766187904839,501469172884,0,bid,88161.40,0,delta
1766187904839,501469172884,0,bid,88161.10,3.967,delta
1766187904839,501469172884,0,ask,88178.50,0.004,delta
1766187904839,501469172884,0,ask,88181.30,0.041,delta
1766187904859,501469173101,0,bid,88171.50,0.604,delta
1766187904859,501469173101,0,bid,88171.40,0.655,delta
1766187904859,501469173101,0,bid,88167.60,0.149,delta
1766187904859,501469173101,0,bid,88167.40,0.174,delta
1766187904859,501469173101,0,bid,88166.50,1.077,delta
1766187904859,501469173101,0,bid,88166.00,1.409,delta
1766187904859,501469173101,0,bid,88161.10,0,delta
1766187904859,501469173101,0,ask,88184.60,0.020,delta
1766187904879,501469173316,0,bid,88175.30,2.643,delta
1766187904879,501469173316,0,bid,88171.50,1.254,delta
1766187904879,501469173316,0,bid,88171.30,0,delta
1766187904879,501469173316,0,bid,88166.60,0.868,delta
1766187904879,501469173316,0,bid,88166.20,0,delta
1766187904879,501469173316,0,bid,88161.10,3.967,delta
1766187904879,501469173316,0,ask,88175.40,0.442,delta
1766187904879,501469173316,0,ask,88180.00,0.011,delta
1766187904879,501469173316,0,ask,88181.00,0.012,delta
1766187904879,501469173316,0,ask,88181.40,0.005,delta
1766187904879,501469173316,0,ask,88182.30,0.032,delta
1766187904879,501469173316,0,ask,88184.40,0.020,delta
1766187904879,501469173316,0,ask,88184.50,0.012,delta
1766187904879,501469173316,0,ask,88184.70,0,delta
1766187904899,501469173509,0,bid,88175.30,2.641,delta
1766187904899,501469173509,0,bid,88171.60,0.487,delta
1766187904899,501469173509,0,bid,88171.50,0.650,delta
1766187904899,501469173509,0,bid,88167.60,0.077,delta
1766187904899,501469173509,0,bid,88161.10,0,delta
1766187904919,501469173890,0,bid,88180.60,0.496,delta
1766187904919,501469173890,0,bid,88180.20,0.179,delta
1766187904919,501469173890,0,bid,88180.00,0.724,delta
1766187904919,501469173890,0,bid,88179.90,0.799,delta
1766187904919,501469173890,0,bid,88179.70,1.694,delta
1766187904919,501469173890,0,bid,88179.50,1.192,delta
1766187904919,501469173890,0,bid,88179.20,0.918,delta
1766187904919,501469173890,0,bid,88179.00,1.014,delta
1766187904919,501469173890,0,bid,88178.90,1.043,delta
1766187904919,501469173890,0,bid,88178.60,1.164,delta
1766187904919,501469173890,0,bid,88178.40,0.612,delta
1766187904919,501469173890,0,bid,88177.80,0.177,delta
1766187904919,501469173890,0,bid,88177.50,0.624,delta
1766187904919,501469173890,0,bid,88177.20,1.169,delta
1766187904919,501469173890,0,bid,88177.00,1.439,delta
1766187904919,501469173890,0,bid,88175.90,3.076,delta
1766187904919,501469173890,0,bid,88175.30,1.792,delta
1766187904919,501469173890,0,bid,88173.70,0,delta
1766187904919,501469173890,0,bid,88173.50,1.058,delta
1766187904919,501469173890,0,bid,88172.00,0.005,delta
1766187904919,501469173890,0,bid,88171.60,0.922,delta
1766187904919,501469173890,0,bid,88171.40,0,delta
1766187904919,501469173890,0,bid,88166.50,0.071,delta
1766187904919,501469173890,0,bid,88166.10,0.167,delta
1766187904919,501469173890,0,bid,88163.90,0,delta
1766187904919,501469173890,0,bid,88163.80,0,delta
1766187904919,501469173890,0,bid,88163.70,0,delta
1766187904919,501469173890,0,bid,88163.60,0,delta
1766187904919,501469173890,0,bid,88163.50,0,delta
1766187904919,501469173890,0,bid,88163.40,0,delta
1766187904919,501469173890,0,bid,88163.30,0,delta
1766187904919,501469173890,0,bid,88163.10,0,delta
1766187904919,501469173890,0,bid,88162.80,0,delta
1766187904919,501469173890,0,bid,88162.60,0,delta
1766187904919,501469173890,0,bid,88162.50,0,delta
1766187904919,501469173890,0,bid,88162.30,0,delta
1766187904919,501469173890,0,bid,88161.80,0,delta
1766187904919,501469173890,0,bid,88161.50,0,delta
1766187904919,501469173890,0,bid,88161.30,0,delta
1766187904919,501469173890,0,ask,88175.40,0,delta
1766187904919,501469173890,0,ask,88176.00,0,delta
1766187904919,501469173890,0,ask,88177.10,0,delta
1766187904919,501469173890,0,ask,88177.30,0,delta
1766187904919,501469173890,0,ask,88177.60,0,delta
1766187904919,501469173890,0,ask,88177.90,0,delta
1766187904919,501469173890,0,ask,88178.50,0,delta
1766187904919,501469173890,0,ask,88178.70,0,delta
1766187904919,501469173890,0,ask,88179.00,0,delta
1766187904919,501469173890,0,ask,88179.10,0,delta
1766187904919,501469173890,0,ask,88179.30,0,delta
1766187904919,501469173890,0,ask,88179.60,0,delta
1766187904919,501469173890,0,ask,88179.80,0,delta
1766187904919,501469173890,0,ask,88180.00,0,delta
1766187904919,501469173890,0,ask,88180.10,0,delta
1766187904919,501469173890,0,ask,88180.30,0,delta
1766187904919,501469173890,0,ask,88180.70,0,delta
1766187904919,501469173890,0,ask,88180.80,0,delta
1766187904919,501469173890,0,ask,88180.90,0,delta
1766187904919,501469173890,0,ask,88181.00,0,delta
1766187904919,501469173890,0,ask,88181.10,0,delta
1766187904919,501469173890,0,ask,88181.30,0.010,delta
1766187904919,501469173890,0,ask,88181.40,0,delta
1766187904919,501469173890,0,ask,88182.20,0.005,delta
1766187904919,501469173890,0,ask,88184.20,0.099,delta
1766187904919,501469173890,0,ask,88184.40,0.016,delta
1766187904919,501469173890,0,ask,88184.50,0.008,delta
1766187904919,501469173890,0,ask,88184.60,0.016,delta
1766187904919,501469173890,0,ask,88184.70,1.135,delta
1766187904919,501469173890,0,ask,88184.80,0.012,delta
1766187904919,501469173890,0,ask,88184.90,0.007,delta
1766187904919,501469173890,0,ask,88185.00,0.036,delta
1766187904919,501469173890,0,ask,88185.10,0.012,delta
1766187904919,501469173890,0,ask,88185.20,0.147,delta
1766187904919,501469173890,0,ask,88185.30,0.008,delta
1766187904919,501469173890,0,ask,88185.40,0.077,delta
1766187904919,501469173890,0,ask,88185.50,0.012,delta
1766187904919,501469173890,0,ask,88185.60,0.004,delta
1766187904919,501469173890,0,ask,88185.80,0.028,delta
1766187904919,501469173890,0,ask,88185.90,0.050,delta
1766187904919,501469173890,0,ask,88186.00,0.008,delta
1766187904919,501469173890,0,ask,88186.10,0.057,delta
1766187904919,501469173890,0,ask,88186.20,0.005,delta
1766187904919,501469173890,0,ask,88186.30,0.066,delta
1766187904919,501469173890,0,ask,88186.40,0.003,delta
1766187904919,501469173890,0,ask,88186.50,0.020,delta
1766187904919,501469173890,0,ask,88186.60,0.008,delta
1766187904919,501469173890,0,ask,88186.80,0.040,delta
1766187904939,501469175847,0,bid,88181.20,1.186,delta
1766187904939,501469175847,0,bid,88180.90,0.299,delta
1766187904939,501469175847,0,bid,88180.80,0.112,delta
1766187904939,501469175847,0,bid,88180.70,0.004,delta
1766187904939,501469175847,0,bid,88180.60,0,delta
1766187904939,501469175847,0,bid,88180.20,0.299,delta
1766187904939,501469175847,0,bid,88180.00,0.001,delta
1766187904939,501469175847,0,bid,88179.90,0.001,delta
1766187904939,501469175847,0,bid,88179.70,0,delta
1766187904939,501469175847,0,bid,88179.50,0,delta
1766187904939,501469175847,0,bid,88179.20,0,delta
1766187904939,501469175847,0,bid,88179.00,0.001,delta
1766187904939,501469175847,0,bid,88178.90,0.299,delta
1766187904939,501469175847,0,bid,88178.60,0,delta
1766187904939,501469175847,0,bid,88178.40,0,delta
1766187904939,501469175847,0,bid,88177.90,0.001,delta
1766187904939,501469175847,0,bid,88177.80,0,delta
1766187904939,501469175847,0,bid,88177.50,0.299,delta
1766187904939,501469175847,0,bid,88177.20,0.379,delta
1766187904939,501469175847,0,bid,88177.00,0,delta
1766187904939,501469175847,0,bid,88176.10,0.001,delta
1766187904939,501469175847,0,bid,88175.90,1.941,delta
1766187904939,501469175847,0,bid,88175.40,0.100,delta
1766187904939,501469175847,0,bid,88175.30,0.357,delta
1766187904939,501469175847,0,bid,88173.90,0.006,delta
1766187904939,501469175847,0,bid,88173.80,0,delta
1766187904939,501469175847,0,bid,88173.50,0.551,delta
1766187904939,501469175847,0,bid,88172.10,0.011,delta
1766187904939,501469175847,0,bid,88172.00,0.651,delta
1766187904939,501469175847,0,bid,88171.60,0.925,delta
1766187904939,501469175847,0,bid,88171.50,0,delta
1766187904939,501469175847,0,bid,88170.70,0.003,delta
1766187904939,501469175847,0,bid,88169.50,0.001,delta
1766187904939,501469175847,0,bid,88167.30,0.003,delta
1766187904939,501469175847,0,bid,88167.20,0.015,delta
1766187904939,501469175847,0,bid,88167.10,0.015,delta
1766187904939,501469175847,0,bid,88167.00,0.015,delta
1766187904939,501469175847,0,bid,88166.90,0.003,delta
1766187904939,501469175847,0,bid,88166.80,0.003,delta
1766187904939,501469175847,0,bid,88166.60,0.587,delta
1766187904939,501469175847,0,bid,88166.50,0,delta
1766187904939,501469175847,0,bid,88166.10,0.067,delta
1766187904939,501469175847,0,bid,88166.00,1.405,delta
1766187904939,501469175847,0,bid,88165.40,0,delta
1766187904939,501469175847,0,bid,88165.30,0,delta
1766187904939,501469175847,0,bid,88164.90,0,delta
1766187904939,501469175847,0,bid,88164.80,0,delta
1766187904939,501469175847,0,bid,88164.10,0,delta
1766187904939,501469175847,0,bid,88164.00,0,delta
1766187904939,501469175847,0,ask,88181.30,0.836,delta
1766187904939,501469175847,0,ask,88181.70,0.001,delta
1766187904939,501469175847,0,ask,88182.10,0.018,delta
1766187904939,501469175847,0,ask,88182.20,0,delta
1766187904939,501469175847,0,ask,88183.50,0.029,delta
1766187904939,501469175847,0,ask,88185.00,0.032,delta
1766187904939,501469175847,0,ask,88186.20,0,delta
1766187904939,501469175847,0,ask,88186.40,0.002,delta
1766187904939,501469175847,0,ask,88186.80,0.020,delta
1766187904939,501469175847,0,ask,88186.90,0.016,delta
1766187904939,501469175847,0,ask,88187.00,2.431,delta
1766187904959,501469176059,0,bid,88181.20,0.664,delta
1766187904959,501469176059,0,bid,88180.80,0,delta
1766187904959,501469176059,0,bid,88180.70,0,delta
1766187904959,501469176059,0,bid,88176.00,1.857,delta
1766187904959,501469176059,0,bid,88175.90,0,delta
1766187904959,501469176059,0,bid,88175.30,0.353,delta
1766187904959,501469176059,0,bid,88173.90,0.001,delta
1766187904959,501469176059,0,bid,88173.10,0.005,delta
1766187904959,501469176059,0,bid,88172.10,0.661,delta
1766187904959,501469176059,0,bid,88171.60,0.086,delta
1766187904959,501469176059,0,bid,88171.50,0.009,delta
1766187904959,501469176059,0,bid,88168.70,0.344,delta
1766187904959,501469176059,0,bid,88167.40,0.080,delta
1766187904959,501469176059,0,bid,88166.00,1.396,delta
1766187904959,501469176059,0,ask,88181.40,0.011,delta
1766187904959,501469176059,0,ask,88183.50,0.024,delta
1766187904959,501469176059,0,ask,88183.70,0.005,delta
1766187904959,501469176059,0,ask,88186.90,0,delta
1766187904959,501469176059,0,ask,88187.00,0,delta
1766187904979,501469176247,0,bid,88181.20,1.001,delta
1766187904979,501469176247,0,bid,88176.00,1.340,delta
1766187904979,501469176247,0,bid,88175.30,0.233,delta
1766187904979,501469176247,0,bid,88171.60,0.061,delta
1766187904979,501469176247,0,bid,88167.40,0.008,delta
1766187904979,501469176247,0,ask,88181.30,1.093,delta
1766187904979,501469176247,0,ask,88182.10,0.013,delta
1766187904979,501469176247,0,ask,88182.70,0.005,delta
1766187904979,501469176247,0,ask,88183.70,0,delta
1766187904999,501469176542,0,bid,88181.20,1.081,delta
1766187904999,501469176542,0,bid,88180.30,0.782,delta
1766187904999,501469176542,0,bid,88177.10,0.002,delta
1766187904999,501469176542,0,bid,88176.70,0.102,delta
1766187904999,501469176542,0,bid,88175.30,0.120,delta
1766187904999,501469176542,0,bid,88172.10,1.795,delta
1766187904999,501469176542,0,bid,88171.60,0.039,delta
1766187904999,501469176542,0,bid,88168.80,1.134,delta
1766187904999,501469176542,0,bid,88166.10,0,delta
1766187904999,501469176542,0,bid,88166.00,1.394,delta
1766187904999,501469176542,0,bid,88165.80,0,delta
1766187904999,501469176542,0,bid,88165.70,0,delta
1766187904999,501469176542,0,bid,88165.60,0,delta
1766187904999,501469176542,0,ask,88181.30,0.842,delta
1766187904999,501469176542,0,ask,88182.70,0,delta
1766187904999,501469176542,0,ask,88182.80,0.579,delta
1766187904999,501469176542,0,ask,88183.40,0.021,delta
1766187904999,501469176542,0,ask,88184.70,0.006,delta
1766187904999,501469176542,0,ask,88185.40,0.020,delta
1766187904999,501469176542,0,ask,88186.10,0,delta
1766187904999,501469176542,0,ask,88186.30,0.009,delta
1766187904999,501469176542,0,ask,88186.90,0.016,delta
1766187904999,501469176542,0,ask,88187.00,0.128,delta
1766187905019,501469177768,0,bid,88181.20,1.204,delta
1766187905019,501469177768,0,bid,88177.10,0,delta
1766187905019,501469177768,0,bid,88176.60,0.001,delta
1766187905019,501469177768,0,bid,88176.00,1.337,delta
1766187905019,501469177768,0,bid,88173.10,0,delta
1766187905019,501469177768,0,bid,88171.60,0.476,delta
1766187905019,501469177768,0,bid,88169.40,0.008,delta
1766187905019,501469177768,0,bid,88169.30,0.016,delta
1766187905019,501469177768,0,bid,88169.20,0.016,delta
1766187905019,501469177768,0,bid,88169.10,0.004,delta
1766187905019,501469177768,0,bid,88169.00,0.012,delta
1766187905019,501469177768,0,bid,88168.90,0.009,delta
1766187905019,501469177768,0,bid,88168.80,1.138,delta
1766187905019,501469177768,0,bid,88168.70,0.348,delta
1766187905019,501469177768,0,bid,88168.60,0.004,delta
1766187905019,501469177768,0,bid,88168.40,0.004,delta
1766187905019,501469177768,0,bid,88168.10,0.226,delta
1766187905019,501469177768,0,bid,88167.90,0.004,delta
1766187905019,501469177768,0,bid,88167.80,0.013,delta
1766187905019,501469177768,0,bid,88167.70,0.012,delta
1766187905019,501469177768,0,bid,88167.60,0.105,delta
1766187905019,501469177768,0,bid,88167.50,0.044,delta
1766187905019,501469177768,0,bid,88167.40,0,delta
1766187905019,501469177768,0,bid,88167.30,0,delta
1766187905019,501469177768,0,bid,88167.20,0,delta
1766187905019,501469177768,0,bid,88167.10,0,delta
1766187905019,501469177768,0,bid,88167.00,0,delta
1766187905019,501469177768,0,bid,88166.90,0,delta
1766187905019,501469177768,0,bid,88166.80,0,delta
1766187905019,501469177768,0,bid,88166.60,0,delta
1766187905019,501469177768,0,bid,88166.40,0,delta
1766187905019,501469177768,0,bid,88166.00,0,delta
1766187905019,501469177768,0,bid,88165.90,0,delta
1766187905019,501469177768,0,ask,88181.30,0.004,delta
1766187905019,501469177768,0,ask,88181.40,0,delta
1766187905019,501469177768,0,ask,88181.50,0,delta
1766187905019,501469177768,0,ask,88181.60,0,delta
1766187905019,501469177768,0,ask,88181.80,0,delta
1766187905019,501469177768,0,ask,88181.90,0,delta
1766187905019,501469177768,0,ask,88182.00,0.002,delta
1766187905019,501469177768,0,ask,88182.10,0,delta
1766187905019,501469177768,0,ask,88182.30,0,delta
1766187905019,501469177768,0,ask,88182.40,0,delta
1766187905019,501469177768,0,ask,88182.50,0,delta
1766187905019,501469177768,0,ask,88182.60,0,delta
1766187905019,501469177768,0,ask,88182.80,0,delta
1766187905019,501469177768,0,ask,88182.90,0,delta
1766187905019,501469177768,0,ask,88183.00,0,delta
1766187905019,501469177768,0,ask,88183.10,0,delta
1766187905019,501469177768,0,ask,88183.30,0,delta
1766187905019,501469177768,0,ask,88183.40,0,delta
1766187905019,501469177768,0,ask,88183.50,0,delta
1766187905019,501469177768,0,ask,88183.60,0,delta
1766187905019,501469177768,0,ask,88183.80,0,delta
1766187905019,501469177768,0,ask,88183.90,0.001,delta
1766187905019,501469177768,0,ask,88184.00,0.001,delta
1766187905019,501469177768,0,ask,88184.10,0,delta
1766187905019,501469177768,0,ask,88184.30,0,delta
1766187905019,501469177768,0,ask,88184.40,0,delta
1766187905019,501469177768,0,ask,88184.50,0,delta
1766187905019,501469177768,0,ask,88184.60,0,delta
1766187905019,501469177768,0,ask,88184.70,0.001,delta
1766187905019,501469177768,0,ask,88184.80,0,delta
1766187905019,501469177768,0,ask,88184.90,0.003,delta
1766187905019,501469177768,0,ask,88185.00,0,delta
1766187905019,501469177768,0,ask,88185.10,0,delta
1766187905019,501469177768,0,ask,88185.20,0.027,delta
1766187905019,501469177768,0,ask,88185.30,0,delta
1766187905019,501469177768,0,ask,88185.40,0,delta
1766187905019,501469177768,0,ask,88185.50,0,delta
1766187905019,501469177768,0,ask,88185.60,0,delta
1766187905019,501469177768,0,ask,88185.80,0,delta
1766187905019,501469177768,0,ask,88185.90,0.042,delta
1766187905019,501469177768,0,ask,88186.00,0,delta
1766187905019,501469177768,0,ask,88186.30,0.001,delta
1766187905019,501469177768,0,ask,88186.50,0.004,delta
1766187905019,501469177768,0,ask,88186.60,0,delta
1766187905019,501469177768,0,ask,88186.80,0.004,delta
1766187905019,501469177768,0,ask,88186.90,0,delta
1766187905019,501469177768,0,ask,88187.00,0,delta
1766187905019,501469177768,0,ask,88187.30,0.008,delta
1766187905019,501469177768,0,ask,88187.40,0.005,delta
1766187905019,501469177768,0,ask,88187.50,0.057,delta
1766187905019,501469177768,0,ask,88187.80,0.008,delta
1766187905019,501469177768,0,ask,88187.90,0.005,delta
1766187905019,501469177768,0,ask,88188.00,0.119,delta
1766187905019,501469177768,0,ask,88188.10,0.017,delta
1766187905019,501469177768,0,ask,88188.30,0.093,delta
1766187905019,501469177768,0,ask,88188.40,0.118,delta
1766187905019,501469177768,0,ask,88188.50,0.004,delta
1766187905019,501469177768,0,ask,88188.60,0.085,delta
1766187905019,501469177768,0,ask,88188.70,0.057,delta
1766187905019,501469177768,0,ask,88188.80,0.081,delta
1766187905019,501469177768,0,ask,88188.90,0.008,delta
1766187905019,501469177768,0,ask,88189.00,0.008,delta
1766187905019,501469177768,0,ask,88189.10,0.012,delta
1766187905019,501469177768,0,ask,88189.30,0.134,delta
1766187905019,501469177768,0,ask,88189.40,0.016,delta
1766187905019,501469177768,0,ask,88189.50,0.004,delta
1766187905019,501469177768,0,ask,88189.60,0.120,delta
1766187905019,501469177768,0,ask,88189.80,0.041,delta
1766187905019,501469177768,0,ask,88190.10,0.006,delta
1766187905019,501469177768,0,ask,88190.30,0.012,delta
1766187905019,501469177768,0,ask,88190.40,0.020,delta
1766187905019,501469177768,0,ask,88190.50,0.032,delta
1766187905019,501469177768,0,ask,88190.60,0.020,delta
1766187905019,501469177768,0,ask,88190.80,0.020,delta
1766187905019,501469177768,0,ask,88190.90,0.016,delta
1766187905019,501469177768,0,ask,88191.00,0.013,delta
1766187905019,501469177768,0,ask,88191.10,0.012,delta
1766187905019,501469177768,0,ask,88191.30,0.028,delta
1766187905019,501469177768,0,ask,88191.50,0.004,delta
1766187905019,501469177768,0,ask,88191.60,0.019,delta
1766187905019,501469177768,0,ask,88191.80,0.028,delta
1766187905019,501469177768,0,ask,88191.90,0.006,delta
1766187905019,501469177768,0,ask,88192.00,0.009,delta
1766187905039,501469179084,0,bid,88183.90,3.793,delta
1766187905039,501469179084,0,bid,88183.80,0.435,delta
1766187905039,501469179084,0,bid,88183.60,0.035,delta
1766187905039,501469179084,0,bid,88182.10,0.001,delta
1766187905039,501469179084,0,bid,88181.90,1.077,delta
1766187905039,501469179084,0,bid,88181.70,1.034,delta
1766187905039,501469179084,0,bid,88181.60,1.068,delta
1766187905039,501469179084,0,bid,88181.30,0.104,delta
1766187905039,501469179084,0,bid,88181.20,0.117,delta
1766187905039,501469179084,0,bid,88180.90,0,delta
1766187905039,501469179084,0,bid,88180.30,0,delta
1766187905039,501469179084,0,bid,88180.20,0,delta
1766187905039,501469179084,0,bid,88179.30,0.001,delta
1766187905039,501469179084,0,bid,88178.90,0,delta
1766187905039,501469179084,0,bid,88177.50,0,delta
1766187905039,501469179084,0,bid,88177.20,0.080,delta
1766187905039,501469179084,0,bid,88175.00,0.009,delta
1766187905039,501469179084,0,bid,88173.70,0.226,delta
1766187905039,501469179084,0,bid,88173.00,0.001,delta
1766187905039,501469179084,0,bid,88172.20,0.067,delta
1766187905039,501469179084,0,bid,88171.50,0,delta
1766187905039,501469179084,0,bid,88170.10,0.004,delta
1766187905039,501469179084,0,bid,88170.00,0.004,delta
1766187905039,501469179084,0,bid,88169.90,0.004,delta
1766187905039,501469179084,0,bid,88169.50,0.005,delta
1766187905039,501469179084,0,bid,88169.20,0.024,delta
1766187905039,501469179084,0,bid,88169.10,0.008,delta
1766187905039,501469179084,0,bid,88169.00,0.016,delta
1766187905039,501469179084,0,bid,88168.90,0.004,delta
1766187905039,501469179084,0,bid,88168.60,0.008,delta
1766187905039,501469179084,0,bid,88168.50,0,delta
1766187905039,501469179084,0,bid,88168.40,0,delta
1766187905039,501469179084,0,bid,88168.10,0,delta
1766187905039,501469179084,0,bid,88168.00,0,delta
1766187905039,501469179084,0,bid,88167.90,0,delta
1766187905039,501469179084,0,bid,88167.80,0,delta
1766187905039,501469179084,0,bid,88167.70,0,delta
1766187905039,501469179084,0,bid,88167.60,0,delta
1766187905039,501469179084,0,bid,88167.50,0,delta
1766187905039,501469179084,0,ask,88181.30,0,delta
1766187905039,501469179084,0,ask,88181.70,0,delta
1766187905039,501469179084,0,ask,88182.00,0,delta
1766187905039,501469179084,0,ask,88183.90,0,delta
1766187905039,501469179084,0,ask,88184.00,0.469,delta
1766187905039,501469179084,0,ask,88184.20,0,delta
1766187905039,501469179084,0,ask,88185.20,0,delta
1766187905039,501469179084,0,ask,88186.30,0,delta
1766187905039,501469179084,0,ask,88186.80,0,delta
1766187905039,501469179084,0,ask,88187.30,0.004,delta
1766187905039,501469179084,0,ask,88187.40,0.001,delta
1766187905039,501469179084,0,ask,88187.50,0,delta
1766187905039,501469179084,0,ask,88187.80,0.004,delta
1766187905039,501469179084,0,ask,88188.00,0.005,delta
1766187905039,501469179084,0,ask,88188.30,0.028,delta
1766187905039,501469179084,0,ask,88188.40,0.004,delta
1766187905039,501469179084,0,ask,88188.60,0.024,delta
1766187905039,501469179084,0,ask,88188.80,0.008,delta
1766187905039,501469179084,0,ask,88189.00,0.004,delta
1766187905039,501469179084,0,ask,88189.10,0.004,delta
1766187905039,501469179084,0,ask,88189.30,0.020,delta
1766187905039,501469179084,0,ask,88189.40,0.008,delta
1766187905039,501469179084,0,ask,88189.60,0,delta
1766187905039,501469179084,0,ask,88189.80,0.028,delta
1766187905039,501469179084,0,ask,88190.30,0.004,delta
1766187905039,501469179084,0,ask,88190.50,0.024,delta
1766187905039,501469179084,0,ask,88190.60,0.008,delta
1766187905039,501469179084,0,ask,88190.80,0.016,delta
1766187905039,501469179084,0,ask,88191.00,0.009,delta
1766187905039,501469179084,0,ask,88191.30,0.016,delta
1766187905039,501469179084,0,ask,88191.50,0,delta
1766187905039,501469179084,0,ask,88191.60,0.015,delta
1766187905039,501469179084,0,ask,88191.80,0.032,delta
1766187905039,501469179084,0,ask,88191.90,0.002,delta
1766187905039,501469179084,0,ask,88192.10,0.008,delta
1766187905039,501469179084,0,ask,88192.20,0.001,delta
1766187905039,501469179084,0,ask,88192.30,0.029,delta
1766187905039,501469179084,0,ask,88192.40,0.004,delta
1766187905039,501469179084,0,ask,88192.50,0.020,delta
1766187905039,501469179084,0,ask,88192.60,2.258,delta
1766187905039,501469179084,0,ask,88192.80,0.013,delta
1766187905039,501469179084,0,ask,88192.90,0.012,delta
1766187905039,501469179084,0,ask,88193.00,0.012,delta
1766187905039,501469179084,0,ask,88193.10,0.012,delta
1766187905039,501469179084,0,ask,88193.30,0.019,delta
1766187905059,501469179729,0,bid,88184.80,1.113,delta
1766187905059,501469179729,0,bid,88184.60,1.380,delta
1766187905059,501469179729,0,bid,88183.90,3.424,delta
1766187905059,501469179729,0,bid,88183.80,0,delta
1766187905059,501469179729,0,bid,88183.60,0,delta
1766187905059,501469179729,0,bid,88182.00,0.001,delta
1766187905059,501469179729,0,bid,88181.90,0,delta
1766187905059,501469179729,0,bid,88181.70,0.424,delta
1766187905059,501469179729,0,bid,88181.60,0.651,delta
1766187905059,501469179729,0,bid,88181.30,0.100,delta
1766187905059,501469179729,0,bid,88181.20,0,delta
1766187905059,501469179729,0,bid,88176.10,0.400,delta
1766187905059,501469179729,0,bid,88173.60,0,delta
1766187905059,501469179729,0,bid,88173.50,0.095,delta
1766187905059,501469179729,0,bid,88172.20,0.650,delta
1766187905059,501469179729,0,bid,88172.10,1.800,delta
1766187905059,501469179729,0,bid,88171.90,0.002,delta
1766187905059,501469179729,0,bid,88169.50,0.015,delta
1766187905059,501469179729,0,bid,88168.50,0.001,delta
1766187905059,501469179729,0,bid,88168.40,0.004,delta
1766187905059,501469179729,0,ask,88184.00,0,delta
1766187905059,501469179729,0,ask,88184.70,0,delta
1766187905059,501469179729,0,ask,88192.60,0.012,delta
1766187905059,501469179729,0,ask,88193.20,0.017,delta
1766187905059,501469179729,0,ask,88193.40,0.004,delta
1766187905079,501469180766,0,bid,88184.80,3.014,delta
1766187905079,501469180766,0,bid,88184.60,0.299,delta
1766187905079,501469180766,0,bid,88184.20,0.299,delta
1766187905079,501469180766,0,bid,88184.00,0.616,delta
1766187905079,501469180766,0,bid,88183.90,0.241,delta
1766187905079,501469180766,0,bid,88181.70,0.100,delta
1766187905079,501469180766,0,bid,88181.60,0.240,delta
1766187905079,501469180766,0,bid,88178.50,0.009,delta
1766187905079,501469180766,0,bid,88175.40,0.226,delta
1766187905079,501469180766,0,bid,88175.00,0,delta
1766187905079,501469180766,0,bid,88173.80,0.140,delta
1766187905079,501469180766,0,bid,88173.70,0,delta
1766187905079,501469180766,0,bid,88172.30,1.360,delta
1766187905079,501469180766,0,bid,88172.10,1.795,delta
1766187905079,501469180766,0,bid,88169.50,0.020,delta
1766187905079,501469180766,0,bid,88168.60,0,delta
1766187905079,501469180766,0,bid,88168.50,0,delta
1766187905079,501469180766,0,bid,88168.40,0,delta
1766187905079,501469180766,0,ask,88184.90,0.524,delta
1766187905079,501469180766,0,ask,88189.60,0.567,delta
1766187905079,501469180766,0,ask,88193.30,0.012,delta
1766187905079,501469180766,0,ask,88193.40,0,delta
1766187905099,501469181059,0,bid,88184.80,2.452,delta
1766187905099,501469181059,0,bid,88184.60,0,delta
1766187905099,501469181059,0,bid,88184.20,0,delta
1766187905099,501469181059,0,bid,88184.10,0.005,delta
1766187905099,501469181059,0,bid,88184.00,0.113,delta
1766187905099,501469181059,0,bid,88183.90,0.201,delta
1766187905099,501469181059,0,bid,88182.00,0.002,delta
1766187905099,501469181059,0,bid,88176.20,1.134,delta
1766187905099,501469181059,0,bid,88175.40,0,delta
1766187905099,501469181059,0,bid,88174.20,0.094,delta
1766187905099,501469181059,0,bid,88173.80,0,delta
1766187905099,501469181059,0,bid,88172.40,0.226,delta
1766187905099,501469181059,0,bid,88172.30,0.650,delta
1766187905099,501469181059,0,bid,88172.00,0.001,delta
1766187905099,501469181059,0,bid,88169.60,0.005,delta
1766187905099,501469181059,0,bid,88169.50,0.014,delta
1766187905099,501469181059,0,bid,88168.90,1.364,delta
1766187905099,501469181059,0,bid,88168.70,0,delta
1766187905099,501469181059,0,ask,88185.60,0.001,delta
1766187905099,501469181059,0,ask,88187.90,0.004,delta
1766187905099,501469181059,0,ask,88192.70,0.005,delta
1766187905099,501469181059,0,ask,88193.20,0,delta
1766187905099,501469181059,0,ask,88193.30,0,delta
1766187905119,501469181488,0,bid,88184.80,2.460,delta
1766187905119,501469181488,0,bid,88184.10,0,delta
1766187905119,501469181488,0,bid,88176.90,0.077,delta
1766187905119,501469181488,0,bid,88176.30,0.738,delta
1766187905119,501469181488,0,bid,88176.10,0.001,delta
1766187905119,501469181488,0,bid,88175.90,0.002,delta
1766187905119,501469181488,0,bid,88175.40,0.226,delta
1766187905119,501469181488,0,bid,88173.60,0.005,delta
1766187905119,501469181488,0,bid,88172.40,4.617,delta
1766187905119,501469181488,0,bid,88172.10,1.145,delta
1766187905119,501469181488,0,bid,88171.60,0.567,delta
1766187905119,501469181488,0,bid,88169.60,0,delta
1766187905119,501469181488,0,bid,88169.00,0,delta
1766187905119,501469181488,0,bid,88168.90,0,delta
1766187905119,501469181488,0,bid,88168.80,0,delta
1766187905119,501469181488,0,ask,88184.90,0.339,delta
1766187905119,501469181488,0,ask,88186.40,0,delta
1766187905119,501469181488,0,ask,88191.90,0,delta
1766187905119,501469181488,0,ask,88192.70,0,delta
1766187905119,501469181488,0,ask,88193.30,0.012,delta
1766187905119,501469181488,0,ask,88193.40,0.004,delta
1766187905119,501469181488,0,ask,88193.50,0.012,delta
1766187905139,501469182027,0,bid,88184.70,0.001,delta
1766187905139,501469182027,0,bid,88181.00,0.452,delta
1766187905139,501469182027,0,bid,88176.00,2.525,delta
1766187905139,501469182027,0,bid,88175.50,0.005,delta
1766187905139,501469182027,0,bid,88173.60,0,delta
1766187905139,501469182027,0,bid,88172.80,0.655,delta
1766187905139,501469182027,0,bid,88172.40,4.621,delta
1766187905139,501469182027,0,bid,88172.20,0.654,delta
1766187905139,501469182027,0,bid,88170.40,0.004,delta
1766187905139,501469182027,0,bid,88170.30,0.012,delta
1766187905139,501469182027,0,bid,88170.10,0.008,delta
1766187905139,501469182027,0,bid,88170.00,0.008,delta
1766187905139,501469182027,0,bid,88169.80,0.004,delta
1766187905139,501469182027,0,bid,88169.50,0,delta
1766187905139,501469182027,0,bid,88169.40,0,delta
1766187905139,501469182027,0,bid,88169.30,0,delta
1766187905139,501469182027,0,bid,88169.20,0,delta
1766187905139,501469182027,0,bid,88169.10,0,delta
1766187905139,501469182027,0,ask,88184.90,0.033,delta
1766187905139,501469182027,0,ask,88187.30,0,delta
1766187905139,501469182027,0,ask,88187.40,0,delta
1766187905139,501469182027,0,ask,88187.90,0,delta
1766187905139,501469182027,0,ask,88188.30,0.024,delta
1766187905139,501469182027,0,ask,88188.40,0,delta
1766187905139,501469182027,0,ask,88188.80,0.004,delta
1766187905139,501469182027,0,ask,88189.00,0,delta
1766187905139,501469182027,0,ask,88189.30,0.016,delta
1766187905139,501469182027,0,ask,88189.40,0.004,delta
1766187905139,501469182027,0,ask,88189.50,0,delta
1766187905139,501469182027,0,ask,88189.80,0.016,delta
1766187905139,501469182027,0,ask,88190.10,0.002,delta
1766187905139,501469182027,0,ask,88190.50,0.016,delta
1766187905139,501469182027,0,ask,88190.80,0.012,delta
1766187905139,501469182027,0,ask,88190.90,0.008,delta
1766187905139,501469182027,0,ask,88191.00,0.005,delta
1766187905139,501469182027,0,ask,88191.10,0.008,delta
1766187905139,501469182027,0,ask,88191.30,0.012,delta
1766187905139,501469182027,0,ask,88191.80,0.028,delta
1766187905139,501469182027,0,ask,88192.00,0.005,delta
1766187905139,501469182027,0,ask,88192.30,0.025,delta
1766187905139,501469182027,0,ask,88192.50,0.016,delta
1766187905139,501469182027,0,ask,88193.00,0.008,delta
1766187905139,501469182027,0,ask,88193.10,0.008,delta
1766187905139,501469182027,0,ask,88193.30,0.004,delta
1766187905139,501469182027,0,ask,88193.40,0,delta
1766187905139,501469182027,0,ask,88193.50,0.008,delta
1766187905139,501469182027,0,ask,88193.60,0.004,delta
1766187905139,501469182027,0,ask,88193.80,0.020,delta
1766187905139,501469182027,0,ask,88193.90,0.071,delta
1766187905139,501469182027,0,ask,88194.00,0.012,delta
1766187905139,501469182027,0,ask,88194.20,0.001,delta
1766187905139,501469182027,0,ask,88194.30,0.004,delta
1766187905139,501469182027,0,ask,88194.40,0.044,delta
1766187905159,501469182907,0,bid,88185.80,4.693,delta
1766187905159,501469182907,0,bid,88185.50,1.778,delta
1766187905159,501469182907,0,bid,88185.10,0.299,delta
1766187905159,501469182907,0,bid,88184.90,0.655,delta
1766187905159,501469182907,0,bid,88184.80,1.443,delta
1766187905159,501469182907,0,bid,88184.00,0,delta
1766187905159,501469182907,0,bid,88180.60,1.134,delta
1766187905159,501469182907,0,bid,88176.80,0.005,delta
1766187905159,501469182907,0,bid,88176.10,3.968,delta
1766187905159,501469182907,0,bid,88175.50,0.202,delta
1766187905159,501469182907,0,bid,88174.10,0.004,delta
1766187905159,501469182907,0,bid,88173.00,1.390,delta
1766187905159,501469182907,0,bid,88172.20,3.408,delta
1766187905159,501469182907,0,bid,88171.20,0.006,delta
1766187905159,501469182907,0,bid,88170.40,0,delta
1766187905159,501469182907,0,bid,88170.30,0,delta
1766187905159,501469182907,0,bid,88170.10,0,delta
1766187905159,501469182907,0,bid,88170.00,0,delta
1766187905159,501469182907,0,bid,88169.90,0,delta
1766187905159,501469182907,0,bid,88169.80,0,delta
1766187905159,501469182907,0,ask,88184.90,0,delta
1766187905159,501469182907,0,ask,88185.60,0,delta
1766187905159,501469182907,0,ask,88186.50,0,delta
1766187905159,501469182907,0,ask,88187.80,0,delta
1766187905159,501469182907,0,ask,88188.00,0.001,delta
1766187905159,501469182907,0,ask,88188.10,0,delta
1766187905159,501469182907,0,ask,88188.30,0,delta
1766187905159,501469182907,0,ask,88188.50,0,delta
1766187905159,501469182907,0,ask,88188.60,0,delta
1766187905159,501469182907,0,ask,88188.70,0,delta
1766187905159,501469182907,0,ask,88188.80,0,delta
1766187905159,501469182907,0,ask,88188.90,0,delta
1766187905159,501469182907,0,ask,88189.10,0,delta
1766187905159,501469182907,0,ask,88189.30,0,delta
1766187905159,501469182907,0,ask,88189.40,0,delta
1766187905159,501469182907,0,ask,88189.60,0,delta
1766187905159,501469182907,0,ask,88189.80,0,delta
1766187905159,501469182907,0,ask,88190.30,0,delta
1766187905159,501469182907,0,ask,88190.40,0,delta
1766187905159,501469182907,0,ask,88190.50,0,delta
1766187905159,501469182907,0,ask,88190.60,0,delta
1766187905159,501469182907,0,ask,88190.80,0,delta
1766187905159,501469182907,0,ask,88190.90,0,delta
1766187905159,501469182907,0,ask,88191.00,0.001,delta
1766187905159,501469182907,0,ask,88191.10,0.004,delta
1766187905159,501469182907,0,ask,88191.30,0,delta
1766187905159,501469182907,0,ask,88191.60,0.003,delta
1766187905159,501469182907,0,ask,88191.80,0,delta
1766187905159,501469182907,0,ask,88192.00,0.001,delta
1766187905159,501469182907,0,ask,88192.10,0,delta
1766187905159,501469182907,0,ask,88192.30,0.001,delta
1766187905159,501469182907,0,ask,88192.40,0,delta
1766187905159,501469182907,0,ask,88192.50,0,delta
1766187905159,501469182907,0,ask,88192.60,0,delta
1766187905159,501469182907,0,ask,88192.80,0.001,delta
1766187905159,501469182907,0,ask,88192.90,0,delta
1766187905159,501469182907,0,ask,88193.00,0,delta
1766187905159,501469182907,0,ask,88193.10,0,delta
1766187905159,501469182907,0,ask,88193.30,0,delta
1766187905159,501469182907,0,ask,88193.50,0,delta
1766187905159,501469182907,0,ask,88193.60,0,delta
1766187905159,501469182907,0,ask,88193.80,0,delta
1766187905159,501469182907,0,ask,88193.90,0.010,delta
1766187905159,501469182907,0,ask,88194.00,0,delta
1766187905159,501469182907,0,ask,88194.30,0,delta
1766187905159,501469182907,0,ask,88194.40,0.040,delta
1766187905159,501469182907,0,ask,88194.50,0.002,delta
1766187905159,501469182907,0,ask,88194.90,0.488,delta
1766187905159,501469182907,0,ask,88195.00,0.072,delta
1766187905159,501469182907,0,ask,88195.20,0.002,delta
1766187905159,501469182907,0,ask,88195.50,0.003,delta
1766187905159,501469182907,0,ask,88195.80,0.004,delta
1766187905159,501469182907,0,ask,88195.90,0.003,delta
1766187905159,501469182907,0,ask,88196.00,0.001,delta
1766187905159,501469182907,0,ask,88196.60,2.246,delta
1766187905159,501469182907,0,ask,88196.70,0.001,delta
1766187905159,501469182907,0,ask,88197.70,0.003,delta
1766187905159,501469182907,0,ask,88198.00,0.002,delta
1766187905159,501469182907,0,ask,88198.20,0.001,delta
1766187905159,501469182907,0,ask,88198.30,0.005,delta
1766187905159,501469182907,0,ask,88198.70,0.003,delta
1766187905159,501469182907,0,ask,88198.80,0.004,delta
1766187905159,501469182907,0,ask,88199.00,0.001,delta
1766187905159,501469182907,0,ask,88199.10,0.002,delta
1766187905159,501469182907,0,ask,88199.30,0.017,delta
1766187905159,501469182907,0,ask,88199.40,0.029,delta
1766187905159,501469182907,0,ask,88199.50,0.006,delta
1766187905159,501469182907,0,ask,88199.60,0.013,delta
1766187905159,501469182907,0,ask,88199.80,0.018,delta
1766187905159,501469182907,0,ask,88199.90,0.007,delta
1766187905159,501469182907,0,ask,88200.00,0.121,delta
1766187905159,501469182907,0,ask,88200.20,0.017,delta
1766187905159,501469182907,0,ask,88200.30,0.008,delta
1766187905159,501469182907,0,ask,88200.40,0.001,delta
1766187905159,501469182907,0,ask,88200.50,0.004,delta
1766187905159,501469182907,0,ask,88200.70,2.013,delta
1766187905159,501469182907,0,ask,88200.80,3.988,delta
1766187905159,501469182907,0,ask,88200.90,1.144,delta
1766187905159,501469182907,0,ask,88201.00,0.001,delta
1766187905159,501469182907,0,ask,88201.10,0.008,delta
1766187905159,501469182907,0,ask,88201.30,0.016,delta
1766187905159,501469182907,0,ask,88201.40,0.008,delta
1766187905159,501469182907,0,ask,88201.50,0.039,delta
1766187905179,501469184176,0,bid,88185.80,2.933,delta
1766187905179,501469184176,0,bid,88185.50,0.718,delta
1766187905179,501469184176,0,bid,88185.10,0,delta
1766187905179,501469184176,0,bid,88184.90,0.100,delta
1766187905179,501469184176,0,bid,88184.80,0.040,delta
1766187905179,501469184176,0,bid,88181.30,0.202,delta
1766187905179,501469184176,0,bid,88177.90,0.073,delta
1766187905179,501469184176,0,bid,88176.80,0,delta
1766187905179,501469184176,0,bid,88176.70,0.105,delta
1766187905179,501469184176,0,bid,88176.30,1.828,delta
1766187905179,501469184176,0,bid,88176.00,3.673,delta
1766187905179,501469184176,0,bid,88175.80,0.003,delta
1766187905179,501469184176,0,bid,88175.50,0.005,delta
1766187905179,501469184176,0,bid,88172.40,4.624,delta
1766187905179,501469184176,0,bid,88172.30,0.665,delta
1766187905179,501469184176,0,bid,88172.20,0.019,delta
1766187905179,501469184176,0,bid,88172.10,1.160,delta
1766187905179,501469184176,0,bid,88172.00,0.004,delta
1766187905179,501469184176,0,bid,88171.90,0.005,delta
1766187905179,501469184176,0,bid,88171.60,0.564,delta
1766187905179,501469184176,0,bid,88170.70,0,delta
1766187905179,501469184176,0,bid,88170.40,0.004,delta
1766187905179,501469184176,0,bid,88170.30,0.012,delta
1766187905179,501469184176,0,ask,88185.90,0.218,delta
1766187905179,501469184176,0,ask,88194.10,0.004,delta
1766187905179,501469184176,0,ask,88194.30,0.004,delta
1766187905179,501469184176,0,ask,88195.80,0.001,delta
1766187905179,501469184176,0,ask,88195.90,0,delta
1766187905179,501469184176,0,ask,88196.60,0,delta
1766187905179,501469184176,0,ask,88199.30,2.254,delta
1766187905179,501469184176,0,ask,88199.40,0.008,delta
1766187905179,501469184176,0,ask,88199.50,0,delta
1766187905179,501469184176,0,ask,88199.80,0.012,delta
1766187905179,501469184176,0,ask,88199.90,0.004,delta
1766187905179,501469184176,0,ask,88200.90,1.147,delta
1766187905179,501469184176,0,ask,88201.00,0.004,delta
1766187905179,501469184176,0,ask,88201.60,0.016,delta
1766187905199,501469184476,0,bid,88185.80,2.378,delta
1766187905199,501469184476,0,bid,88184.90,0,delta
1766187905199,501469184476,0,bid,88177.90,0.167,delta
1766187905199,501469184476,0,bid,88174.20,0,delta
1766187905199,501469184476,0,bid,88170.10,0.008,delta
1766187905199,501469184476,0,bid,88170.00,0.008,delta
1766187905199,501469184476,0,ask,88185.90,0.429,delta
1766187905199,501469184476,0,ask,88193.80,0.004,delta
1766187905199,501469184476,0,ask,88199.30,0.008,delta
1766187905199,501469184476,0,ask,88201.60,0,delta
1766187905219,501469184637,0,bid,88185.80,2.342,delta
1766187905219,501469184637,0,bid,88177.00,0.246,delta
1766187905219,501469184637,0,bid,88176.20,1.135,delta
1766187905219,501469184637,0,bid,88175.90,0,delta
1766187905219,501469184637,0,bid,88175.50,0,delta
1766187905219,501469184637,0,bid,88175.40,0,delta
1766187905219,501469184637,0,bid,88173.60,0.005,delta
1766187905219,501469184637,0,bid,88172.30,0.667,delta
1766187905219,501469184637,0,bid,88171.20,0.001,delta
1766187905219,501469184637,0,bid,88170.00,0.013,delta
1766187905219,501469184637,0,bid,88169.90,0.004,delta
1766187905219,501469184637,0,ask,88188.20,0.001,delta
1766187905219,501469184637,0,ask,88190.10,0.001,delta
1766187905219,501469184637,0,ask,88192.40,0.009,delta
1766187905219,501469184637,0,ask,88197.60,0.005,delta
1766187905219,501469184637,0,ask,88198.10,0.005,delta
1766187905219,501469184637,0,ask,88198.30,0,delta
1766187905219,501469184637,0,ask,88199.00,0,delta
1766187905219,501469184637,0,ask,88199.60,0.008,delta
1766187905219,501469184637,0,ask,88201.40,0,delta
1766187905219,501469184637,0,ask,88201.50,0,delta
1766187905239,501469184816,0,bid,88170.00,0.008,delta
1766187905239,501469184816,0,ask,88194.10,0.020,delta
1766187905239,501469184816,0,ask,88196.60,0.005,delta
1766187905239,501469184816,0,ask,88197.50,0.005,delta
1766187905239,501469184816,0,ask,88197.60,0,delta
1766187905239,501469184816,0,ask,88198.10,0,delta
