ts_ms,seq,prev_seq,book_side,price,size,type
1766200182261,501512505176,0,bid,88170.90,1.725,snapshot
1766200182261,501512505176,0,bid,88170.80,0.004,snapshot
1766200182261,501512505176,0,bid,88169.70,0.001,snapshot
1766200182261,501512505176,0,bid,88169.30,0.005,snapshot
1766200182261,501512505176,0,bid,88169.20,0.002,snapshot
1766200182261,501512505176,0,bid,88168.50,0.001,snapshot
1766200182261,501512505176,0,bid,88168.40,0.002,snapshot
1766200182261,501512505176,0,bid,88168.30,0.090,snapshot
1766200182261,501512505176,0,bid,88168.10,0.002,snapshot
1766200182261,501512505176,0,bid,88168.00,0.001,snapshot
1766200182261,501512505176,0,bid,88167.70,0.001,snapshot
1766200182261,501512505176,0,bid,88167.50,0.002,snapshot
1766200182261,501512505176,0,bid,88167.40,0.004,snapshot
1766200182261,501512505176,0,bid,88167.30,0.007,snapshot
1766200182261,501512505176,0,bid,88167.20,0.004,snapshot
1766200182261,501512505176,0,bid,88167.10,0.012,snapshot
1766200182261,501512505176,0,bid,88166.80,0.004,snapshot
1766200182261,501512505176,0,bid,88166.70,0.907,snapshot
1766200182261,501512505176,0,bid,88166.60,0.005,snapshot
1766200182261,501512505176,0,bid,88166.50,0.011,snapshot
1766200182261,501512505176,0,bid,88166.40,0.103,snapshot
1766200182261,501512505176,0,bid,88166.30,0.001,snapshot
1766200182261,501512505176,0,bid,88166.10,0.004,snapshot
1766200182261,501512505176,0,bid,88165.80,0.001,snapshot
1766200182261,501512505176,0,bid,88165.70,0.005,snapshot
1766200182261,501512505176,0,bid,88165.60,0.028,snapshot
1766200182261,501512505176,0,bid,88165.50,0.016,snapshot
1766200182261,501512505176,0,bid,88165.40,0.008,snapshot
1766200182261,501512505176,0,bid,88165.30,0.012,snapshot
1766200182261,501512505176,0,bid,88165.20,0.018,snapshot
1766200182261,501512505176,0,bid,88165.10,0.004,snapshot
1766200182261,501512505176,0,bid,88165.00,3.786,snapshot
1766200182261,501512505176,0,bid,88164.90,0.004,snapshot
1766200182261,501512505176,0,bid,88164.80,0.139,snapshot
1766200182261,501512505176,0,bid,88164.00,0.002,snapshot
1766200182261,501512505176,0,bid,88163.80,0.001,snapshot
1766200182261,501512505176,0,bid,88163.70,0.010,snapshot
1766200182261,501512505176,0,bid,88163.60,0.907,snapshot
1766200182261,501512505176,0,bid,88163.50,0.003,snapshot
1766200182261,501512505176,0,bid,88163.40,0.004,snapshot
1766200182261,501512505176,0,bid,88163.30,0.109,snapshot
1766200182261,501512505176,0,bid,88163.20,0.126,snapshot
1766200182261,501512505176,0,bid,88163.10,0.121,snapshot
1766200182261,501512505176,0,bid,88163.00,0.019,snapshot
1766200182261,501512505176,0,bid,88162.90,0.016,snapshot
1766200182261,501512505176,0,bid,88162.80,0.008,snapshot
1766200182261,501512505176,0,bid,88162.70,0.115,snapshot
1766200182261,501512505176,0,bid,88162.60,1.399,snapshot
1766200182261,501512505176,0,bid,88162.50,0.012,snapshot
1766200182261,501512505176,0,bid,88162.40,0.004,snapshot
1766200182261,501512505176,0,ask,88171.00,1.134,snapshot
1766200182261,501512505176,0,ask,88171.10,0.001,snapshot
1766200182261,501512505176,0,ask,88171.40,0.014,snapshot
1766200182261,501512505176,0,ask,88172.70,0.002,snapshot
1766200182261,501512505176,0,ask,88173.00,0.001,snapshot
1766200182261,501512505176,0,ask,88173.60,0.002,snapshot
1766200182261,501512505176,0,ask,88174.30,0.207,snapshot
1766200182261,501512505176,0,ask,88174.40,0.569,snapshot
1766200182261,501512505176,0,ask,88174.50,0.011,snapshot
1766200182261,501512505176,0,ask,88175.20,0.005,snapshot
1766200182261,501512505176,0,ask,88175.30,0.002,snapshot
1766200182261,501512505176,0,ask,88176.20,0.002,snapshot
1766200182261,501512505176,0,ask,88176.60,0.001,snapshot
1766200182261,501512505176,0,ask,88177.10,0.004,snapshot
1766200182261,501512505176,0,ask,88177.20,0.003,snapshot
1766200182261,501512505176,0,ask,88177.40,0.002,snapshot
1766200182261,501512505176,0,ask,88178.90,0.002,snapshot
1766200182261,501512505176,0,ask,88179.00,0.065,snapshot
1766200182261,501512505176,0,ask,88179.10,0.070,snapshot
1766200182261,501512505176,0,ask,88179.30,0.001,snapshot
1766200182261,501512505176,0,ask,88180.00,0.002,snapshot
1766200182261,501512505176,0,ask,88180.10,0.141,snapshot
1766200182261,501512505176,0,ask,88180.50,0.005,snapshot
1766200182261,501512505176,0,ask,88180.80,0.015,snapshot
1766200182261,501512505176,0,ask,88181.10,0.001,snapshot
1766200182261,501512505176,0,ask,88181.30,0.290,snapshot
1766200182261,501512505176,0,ask,88181.50,0.794,snapshot
1766200182261,501512505176,0,ask,88181.70,0.001,snapshot
1766200182261,501512505176,0,ask,88182.00,0.003,snapshot
1766200182261,501512505176,0,ask,88182.40,0.002,snapshot
1766200182261,501512505176,0,ask,88183.00,0.010,snapshot
1766200182261,501512505176,0,ask,88183.10,0.008,snapshot
1766200182261,501512505176,0,ask,88183.30,0.068,snapshot
1766200182261,501512505176,0,ask,88183.40,0.003,snapshot
1766200182261,501512505176,0,ask,88184.00,0.005,snapshot
1766200182261,501512505176,0,ask,88184.10,0.002,snapshot
1766200182261,501512505176,0,ask,88184.20,0.082,snapshot
1766200182261,501512505176,0,ask,88184.30,0.018,snapshot
1766200182261,501512505176,0,ask,88184.40,0.004,snapshot
1766200182261,501512505176,0,ask,88184.50,0.103,snapshot
1766200182261,501512505176,0,ask,88184.60,0.016,snapshot
1766200182261,501512505176,0,ask,88184.70,0.001,snapshot
1766200182261,501512505176,0,ask,88185.00,0.058,snapshot
1766200182261,501512505176,0,ask,88185.10,1.324,snapshot
1766200182261,501512505176,0,ask,88185.30,0.004,snapshot
1766200182261,501512505176,0,ask,88185.40,0.001,snapshot
1766200182261,501512505176,0,ask,88185.50,0.017,snapshot
1766200182261,501512505176,0,ask,88185.60,0.004,snapshot
1766200182261,501512505176,0,ask,88185.80,0.911,snapshot
1766200182261,501512505176,0,ask,88185.90,0.009,snapshot
1766200182279,501512505189,0,bid,88165.70,0.021,delta
1766200182379,501512505258,0,bid,88165.70,0.017,delta
1766200182379,501512505258,0,ask,88185.00,0.038,delta
1766200182399,501512505279,0,bid,88165.70,0.021,delta
1766200182459,501512505347,0,ask,88180.50,0,delta
1766200182459,501512505347,0,ask,88180.70,0.005,delta
1766200182479,501512505369,0,bid,88168.10,0.082,delta
1766200182479,501512505369,0,ask,88175.20,0,delta
1766200182479,501512505369,0,ask,88176.10,0.005,delta
1766200182500,501512505390,0,bid,88168.10,0.002,delta
1766200182500,501512505390,0,bid,88165.70,0.005,delta
1766200182579,501512505438,0,bid,88165.70,0.021,delta
1766200182579,501512505438,0,ask,88171.80,0.001,delta
1766200182579,501512505438,0,ask,88185.90,0,delta
1766200182599,501512505493,0,bid,88169.80,0.005,delta
1766200182599,501512505493,0,bid,88169.30,0,delta
1766200182599,501512505493,0,bid,88168.10,0.082,delta
1766200182599,501512505493,0,ask,88185.00,0.058,delta
1766200182619,501512505545,0,bid,88169.90,0.005,delta
1766200182619,501512505545,0,bid,88169.80,0,delta
1766200182619,501512505545,0,bid,88165.70,0.017,delta
1766200182619,501512505545,0,ask,88180.70,0,delta
1766200182619,501512505545,0,ask,88181.00,0.005,delta
1766200182639,501512505574,0,bid,88168.10,0.002,delta
1766200182639,501512505574,0,ask,88180.90,0.005,delta
1766200182639,501512505574,0,ask,88181.00,0,delta
1766200182719,501512505645,0,ask,88180.80,0.020,delta
1766200182719,501512505645,0,ask,88180.90,0,delta
1766200182719,501512505645,0,ask,88185.90,0.009,delta
1766200182759,501512505698,0,ask,88180.80,0.015,delta
1766200182759,501512505698,0,ask,88181.10,0.006,delta
1766200182820,501512505746,0,ask,88180.90,0.005,delta
1766200182820,501512505746,0,ask,88181.10,0.001,delta
1766200182820,501512505746,0,ask,88185.90,0,delta
1766200182840,501512505772,0,bid,88165.70,0.021,delta
1766200182859,501512505787,0,bid,88170.90,1.724,delta
1766200182879,501512505898,0,bid,88169.90,0,delta
1766200182879,501512505898,0,bid,88169.30,0.005,delta
1766200182879,501512505898,0,ask,88171.00,1.132,delta
1766200182879,501512505898,0,ask,88175.20,0.005,delta
1766200182879,501512505898,0,ask,88176.10,0,delta
1766200182879,501512505898,0,ask,88180.30,0.005,delta
1766200182879,501512505898,0,ask,88180.90,0,delta
1766200182899,501512505975,0,ask,88180.30,0,delta
1766200182899,501512505975,0,ask,88180.60,0.005,delta
1766200182940,501512506011,0,bid,88162.50,0.014,delta
1766200182940,501512506011,0,ask,88175.20,0,delta
1766200182940,501512506011,0,ask,88176.10,0.005,delta
1766200182959,501512506030,0,bid,88162.50,0.012,delta
1766200183019,501512506108,0,ask,88175.20,0.005,delta
1766200183019,501512506108,0,ask,88176.10,0,delta
1766200183039,501512506133,0,ask,88175.20,0,delta
1766200183039,501512506133,0,ask,88176.10,0.005,delta
1766200183059,501512506143,0,ask,88180.60,0,delta
1766200183059,501512506143,0,ask,88180.70,0.005,delta
1766200183099,501512506191,0,bid,88169.80,0.005,delta
1766200183099,501512506191,0,bid,88169.30,0,delta
1766200183099,501512506191,0,ask,88180.70,0,delta
1766200183099,501512506191,0,ask,88181.00,0.005,delta
1766200183119,501512506231,0,ask,88180.90,0.005,delta
1766200183119,501512506231,0,ask,88181.00,0,delta
1766200183159,501512506273,0,bid,88166.50,0.015,delta
1766200183180,501512506288,0,ask,88180.80,0.020,delta
1766200183180,501512506288,0,ask,88180.90,0,delta
1766200183180,501512506288,0,ask,88185.90,0.009,delta
1766200183199,501512506311,0,ask,88184.20,0,delta
1766200183199,501512506311,0,ask,88186.30,0.032,delta
1766200183219,501512506344,0,bid,88162.70,0.131,delta
1766200183219,501512506344,0,ask,88171.80,0,delta
1766200183219,501512506344,0,ask,88185.00,0.038,delta
1766200183219,501512506344,0,ask,88186.40,0.003,delta
1766200183279,501512506468,0,bid,88169.80,0,delta
1766200183279,501512506468,0,bid,88169.30,0.005,delta
1766200183279,501512506468,0,ask,88175.20,0.005,delta
1766200183279,501512506468,0,ask,88176.10,0,delta
1766200183279,501512506468,0,ask,88180.30,0.005,delta
1766200183279,501512506468,0,ask,88180.80,0.015,delta
1766200183279,501512506468,0,ask,88186.40,0,delta
1766200183299,501512506491,0,ask,88180.20,0.005,delta
1766200183299,501512506491,0,ask,88180.30,0,delta
1766200183319,501512506552,0,bid,88169.30,0,delta
1766200183319,501512506552,0,bid,88168.60,0.005,delta
1766200183319,501512506552,0,bid,88162.70,0.115,delta
1766200183319,501512506552,0,ask,88171.00,1.139,delta
1766200183319,501512506552,0,ask,88174.20,0.080,delta
1766200183319,501512506552,0,ask,88179.90,0.005,delta
1766200183319,501512506552,0,ask,88180.00,0.102,delta
1766200183319,501512506552,0,ask,88180.20,0,delta
1766200183319,501512506552,0,ask,88186.30,0,delta
1766200183339,501512506567,0,ask,88179.90,0,delta
1766200183339,501512506567,0,ask,88180.00,0.107,delta
1766200183339,501512506567,0,ask,88186.30,0.032,delta
1766200183379,501512506614,0,bid,88170.90,1.681,delta
1766200183399,501512506633,0,ask,88171.00,1.061,delta
1766200183420,501512506667,0,bid,88165.50,0.036,delta
1766200183420,501512506667,0,ask,88171.00,1.125,delta
1766200183420,501512506667,0,ask,88180.00,0.102,delta
1766200183420,501512506667,0,ask,88180.10,0.146,delta
1766200183420,501512506667,0,ask,88186.20,0.226,delta
1766200183420,501512506667,0,ask,88186.30,0,delta
1766200183459,501512506698,0,ask,88174.20,0,delta
1766200183459,501512506698,0,ask,88186.30,0.032,delta
1766200183499,501512506726,0,ask,88171.00,1.118,delta
1766200183539,501512506751,0,ask,88186.20,0,delta
1766200183539,501512506751,0,ask,88186.30,0.258,delta
1766200183539,501512506751,0,ask,88186.40,0.003,delta
1766200183559,501512506773,0,ask,88180.10,0.141,delta
1766200183559,501512506773,0,ask,88180.20,0.005,delta
1766200183559,501512506773,0,ask,88186.40,0,delta
1766200183579,501512506787,0,bid,88165.60,0.032,delta
1766200183599,501512506797,0,bid,88165.70,0.001,delta
1766200183599,501512506797,0,ask,88171.80,0.001,delta
1766200183599,501512506797,0,ask,88186.30,0,delta
1766200183619,501512506810,0,bid,88165.60,0.048,delta
1766200183699,501512506898,0,ask,88171.00,1.116,delta
1766200183739,501512506935,0,bid,88169.30,0.005,delta
1766200183739,501512506935,0,bid,88168.60,0,delta
1766200183840,501512506991,0,bid,88169.30,0,delta
1766200183840,501512506991,0,bid,88168.60,0.005,delta
1766200183879,501512507012,0,bid,88165.60,0.036,delta
1766200183919,501512507040,0,bid,88169.30,0.005,delta
1766200183919,501512507040,0,bid,88168.60,0,delta
1766200183919,501512507040,0,ask,88180.20,0,delta
1766200183919,501512507040,0,ask,88180.30,0.005,delta
1766200183939,501512507073,0,ask,88180.30,0,delta
1766200183939,501512507073,0,ask,88180.40,0.005,delta
1766200184019,501512507149,0,bid,88169.80,0.005,delta
1766200184019,501512507149,0,bid,88169.30,0,delta
1766200184019,501512507149,0,ask,88175.20,0,delta
1766200184019,501512507149,0,ask,88176.10,0.005,delta
1766200184019,501512507149,0,ask,88180.40,0,delta
1766200184019,501512507149,0,ask,88181.40,0.005,delta
1766200184039,501512507175,0,bid,88169.80,0,delta
1766200184039,501512507175,0,bid,88169.30,0.005,delta
1766200184039,501512507175,0,ask,88175.20,0.005,delta
1766200184039,501512507175,0,ask,88176.10,0,delta
1766200184039,501512507175,0,ask,88180.20,0.005,delta
1766200184039,501512507175,0,ask,88181.40,0,delta
1766200184179,501512507263,0,bid,88165.60,0.044,delta
1766200184179,501512507263,0,ask,88185.00,0.058,delta
1766200184199,501512507280,0,bid,88165.60,0.048,delta
1766200184199,501512507280,0,ask,88180.20,0,delta
1766200184199,501512507280,0,ask,88180.30,0.005,delta
1766200184259,501512507315,0,ask,88171.80,0,delta
1766200184259,501512507315,0,ask,88186.30,0.258,delta
1766200184279,501512507328,0,ask,88186.30,0.032,delta
1766200184339,501512507533,0,bid,88170.90,1.824,delta
1766200184339,501512507533,0,bid,88169.80,0.005,delta
1766200184339,501512507533,0,bid,88169.30,0,delta
1766200184339,501512507533,0,bid,88168.40,0.035,delta
1766200184339,501512507533,0,bid,88164.40,0.121,delta
1766200184339,501512507533,0,bid,88162.40,0,delta
1766200184339,501512507533,0,ask,88171.00,0.363,delta
1766200184339,501512507533,0,ask,88174.30,0,delta
1766200184339,501512507533,0,ask,88175.20,0,delta
1766200184339,501512507533,0,ask,88176.10,0.005,delta
1766200184339,501512507533,0,ask,88180.00,0.002,delta
1766200184339,501512507533,0,ask,88180.30,0,delta
1766200184339,501512507533,0,ask,88181.10,0.006,delta
1766200184339,501512507533,0,ask,88181.50,0.589,delta
1766200184339,501512507533,0,ask,88186.40,0.003,delta
1766200184339,501512507533,0,ask,88186.50,0.008,delta
1766200184359,501512507679,0,bid,88165.50,0.016,delta
1766200184359,501512507679,0,bid,88165.10,1.609,delta
1766200184359,501512507679,0,ask,88176.10,0,delta
1766200184359,501512507679,0,ask,88176.50,0.005,delta
1766200184359,501512507679,0,ask,88181.10,0.001,delta
1766200184359,501512507679,0,ask,88181.80,0.005,delta
1766200184359,501512507679,0,ask,88186.50,0,delta
1766200184379,501512507815,0,bid,88165.60,0.104,delta
1766200184399,501512507967,0,bid,88165.70,0.021,delta
1766200184399,501512507967,0,ask,88181.50,0.587,delta
1766200184419,501512508202,0,bid,88170.90,2.474,delta
1766200184419,501512508202,0,bid,88168.40,0.115,delta
1766200184419,501512508202,0,bid,88165.60,0.084,delta
1766200184419,501512508202,0,bid,88165.20,0.022,delta
1766200184419,501512508202,0,ask,88174.30,0.174,delta
1766200184419,501512508202,0,ask,88181.50,0.381,delta
1766200184419,501512508202,0,ask,88181.80,0,delta
1766200184419,501512508202,0,ask,88182.10,0.005,delta
1766200184419,501512508202,0,ask,88186.40,0,delta
1766200184439,501512508440,0,bid,88170.90,2.479,delta
1766200184439,501512508440,0,bid,88169.80,0,delta
1766200184439,501512508440,0,bid,88162.40,0.004,delta
1766200184439,501512508440,0,ask,88176.50,0,delta
1766200184439,501512508440,0,ask,88177.00,0.005,delta
1766200184439,501512508440,0,ask,88181.30,0.188,delta
1766200184439,501512508440,0,ask,88182.10,0,delta
1766200184439,501512508440,0,ask,88182.20,0.005,delta
1766200184439,501512508440,0,ask,88185.00,0.038,delta
1766200184439,501512508440,0,ask,88185.90,0.217,delta
1766200184459,501512508681,0,bid,88168.40,0.035,delta
1766200184459,501512508681,0,ask,88182.00,0.008,delta
1766200184459,501512508681,0,ask,88182.20,0,delta
1766200184459,501512508681,0,ask,88183.30,0.006,delta
1766200184459,501512508681,0,ask,88186.40,0.003,delta
1766200184479,501512508883,0,bid,88165.20,0.018,delta
1766200184479,501512508883,0,ask,88176.50,0.005,delta
1766200184479,501512508883,0,ask,88177.00,0,delta
1766200184499,501512509095,0,bid,88170.90,2.474,delta
1766200184499,501512509095,0,bid,88169.80,0.005,delta
1766200184499,501512509095,0,bid,88164.90,0.006,delta
1766200184499,501512509095,0,bid,88162.40,0,delta
1766200184499,501512509095,0,ask,88181.40,0.005,delta
1766200184499,501512509095,0,ask,88182.00,0.003,delta
1766200184499,501512509095,0,ask,88186.40,0,delta
1766200184519,501512509309,0,bid,88170.90,1.824,delta
1766200184519,501512509309,0,ask,88176.10,0.005,delta
1766200184519,501512509309,0,ask,88176.50,0,delta
1766200184519,501512509309,0,ask,88181.20,0.005,delta
1766200184519,501512509309,0,ask,88181.40,0,delta
1766200184539,501512509447,0,bid,88164.90,0.004,delta
1766200184539,501512509447,0,bid,88162.50,0.014,delta
1766200184579,501512509759,0,bid,88170.90,1.811,delta
1766200184579,501512509759,0,ask,88184.50,0.123,delta
1766200184599,501512509920,0,bid,88168.10,0.082,delta
1766200184619,501512510022,0,ask,88181.20,0,delta
1766200184619,501512510022,0,ask,88181.30,0.193,delta
1766200184619,501512510022,0,ask,88186.40,0.003,delta
1766200184639,501512510119,0,bid,88165.70,0.001,delta
1766200184639,501512510119,0,bid,88165.60,0.104,delta
1766200184659,501512510287,0,ask,88171.00,0.354,delta
1766200184659,501512510287,0,ask,88172.20,0.001,delta
1766200184659,501512510287,0,ask,88186.40,0,delta
1766200184680,501512510436,0,bid,88170.90,1.711,delta
1766200184680,501512510436,0,bid,88168.10,0.002,delta
1766200184680,501512510436,0,ask,88171.00,0.385,delta
1766200184699,501512510536,0,ask,88171.60,0.001,delta
1766200184699,501512510536,0,ask,88186.30,0,delta
1766200184719,501512510716,0,bid,88163.50,0.005,delta
1766200184719,501512510716,0,bid,88162.50,0.012,delta
1766200184719,501512510716,0,ask,88181.20,0.005,delta
1766200184719,501512510716,0,ask,88181.30,0.188,delta
1766200184719,501512510716,0,ask,88185.90,0,delta
1766200184739,501512510856,0,bid,88169.80,0,delta
1766200184739,501512510856,0,bid,88169.30,0.005,delta
1766200184739,501512510856,0,bid,88163.50,0.003,delta
1766200184739,501512510856,0,bid,88162.50,0.014,delta
1766200184739,501512510856,0,ask,88175.20,0.005,delta
1766200184739,501512510856,0,ask,88176.10,0,delta
1766200184739,501512510856,0,ask,88180.50,0.005,delta
1766200184739,501512510856,0,ask,88181.20,0,delta
1766200184759,501512511012,0,ask,88171.00,0.394,delta
1766200184799,501512511294,0,ask,88175.20,0,delta
1766200184799,501512511294,0,ask,88176.10,0.005,delta
1766200184799,501512511294,0,ask,88180.50,0,delta
1766200184799,501512511294,0,ask,88180.70,0.005,delta
1766200184819,501512511419,0,bid,88169.80,0.005,delta
1766200184819,501512511419,0,bid,88169.30,0,delta
1766200184819,501512511419,0,bid,88163.50,0.005,delta
1766200184819,501512511419,0,bid,88162.50,0.012,delta
1766200184819,501512511419,0,ask,88180.70,0,delta
1766200184819,501512511419,0,ask,88180.80,0.020,delta
1766200184819,501512511419,0,ask,88185.90,0.217,delta
1766200184839,501512511526,0,bid,88163.50,0.003,delta
1766200184839,501512511526,0,bid,88162.50,0.014,delta
1766200184859,501512511629,0,ask,88180.80,0.015,delta
1766200184859,501512511629,0,ask,88180.90,0.005,delta
1766200184859,501512511629,0,ask,88185.90,0,delta
1766200184879,501512511767,0,bid,88165.60,0.084,delta
1766200184879,501512511767,0,bid,88165.40,0.028,delta
1766200184899,501512511887,0,ask,88180.90,0,delta
1766200184899,501512511887,0,ask,88181.00,0.005,delta
1766200184939,501512512126,0,ask,88181.00,0,delta
1766200184939,501512512126,0,ask,88181.10,0.006,delta
1766200184939,501512512126,0,ask,88185.90,0.217,delta
1766200185019,501512512568,0,ask,88180.90,0.005,delta
1766200185019,501512512568,0,ask,88181.10,0.001,delta
1766200185019,501512512568,0,ask,88185.90,0,delta
1766200185039,501512512647,0,ask,88180.90,0,delta
1766200185039,501512512647,0,ask,88181.20,0.005,delta
1766200185119,501512512965,0,ask,88171.00,0.393,delta
1766200185119,501512512965,0,ask,88181.20,0,delta
1766200185119,501512512965,0,ask,88181.30,0.193,delta
1766200185119,501512512965,0,ask,88185.90,0.422,delta
1766200185139,501512513073,0,bid,88170.90,1.684,delta
1766200185139,501512513073,0,bid,88165.40,0.008,delta
1766200185179,501512513293,0,bid,88165.70,0.021,delta
1766200185179,501512513293,0,bid,88163.50,0.005,delta
1766200185179,501512513293,0,bid,88162.50,0.012,delta
1766200185179,501512513293,0,ask,88171.00,0.383,delta
1766200185179,501512513293,0,ask,88172.20,0,delta
1766200185179,501512513293,0,ask,88184.40,0.024,delta
1766200185179,501512513293,0,ask,88184.50,0.103,delta
1766200185179,501512513293,0,ask,88186.30,0.032,delta
1766200185199,501512513411,0,bid,88163.50,0.003,delta
1766200185199,501512513411,0,bid,88162.50,0.014,delta
1766200185559,501512515510,0,bid,88164.40,0,delta
1766200185559,501512515510,0,bid,88162.40,0.004,delta
1766200185579,501512515647,0,ask,88172.50,0.001,delta
1766200185579,501512515647,0,ask,88186.30,0,delta
1766200185639,501512516064,0,bid,88163.60,0.910,delta
1766200185739,501512516733,0,bid,88170.90,1.641,delta
1766200185739,501512516733,0,bid,88169.80,0,delta
1766200185739,501512516733,0,bid,88169.30,0.005,delta
1766200185739,501512516733,0,ask,88171.00,1.105,delta
1766200185739,501512516733,0,ask,88175.20,0.005,delta
1766200185739,501512516733,0,ask,88176.10,0,delta
1766200185739,501512516733,0,ask,88180.50,0.005,delta
1766200185739,501512516733,0,ask,88181.30,0.188,delta
1766200185739,501512516733,0,ask,88185.90,0,delta
1766200185759,501512516777,0,bid,88165.60,0.028,delta
1766200185759,501512516777,0,ask,88171.00,1.112,delta
1766200185759,501512516777,0,ask,88174.20,0.080,delta
1766200185759,501512516777,0,ask,88185.80,0,delta
1766200185779,501512516836,0,bid,88165.40,0.028,delta
1766200185779,501512516836,0,ask,88180.50,0,delta
1766200185779,501512516836,0,ask,88180.60,0.005,delta
1766200185779,501512516836,0,ask,88184.20,0.082,delta
1766200185779,501512516836,0,ask,88185.00,0.058,delta
1766200185779,501512516836,0,ask,88185.60,0,delta
1766200185799,501512516852,0,ask,88174.20,0,delta
1766200185799,501512516852,0,ask,88185.60,0.004,delta
1766200185819,501512516888,0,bid,88169.80,0.005,delta
1766200185819,501512516888,0,bid,88169.30,0,delta
1766200185819,501512516888,0,ask,88175.20,0,delta
1766200185819,501512516888,0,ask,88176.10,0.005,delta
1766200185819,501512516888,0,ask,88180.60,0,delta
1766200185819,501512516888,0,ask,88180.80,0.020,delta
1766200185819,501512516888,0,ask,88185.80,0.911,delta
1766200185859,501512516936,0,ask,88180.80,0.015,delta
1766200185859,501512516936,0,ask,88180.90,0.005,delta
1766200185859,501512516936,0,ask,88185.80,0,delta
1766200185879,501512516954,0,bid,88165.50,0.020,delta
1766200185919,501512516995,0,ask,88180.90,0,delta
1766200185919,501512516995,0,ask,88181.00,0.005,delta
1766200185939,501512517017,0,bid,88165.70,0.001,delta
1766200185939,501512517017,0,ask,88181.00,0,delta
1766200185939,501512517017,0,ask,88181.10,0.006,delta
1766200185939,501512517017,0,ask,88184.40,0.004,delta
1766200185939,501512517017,0,ask,88185.80,0.911,delta
1766200185960,501512517035,0,bid,88165.50,0.036,delta
1766200185999,501512517066,0,ask,88181.10,0.001,delta
1766200185999,501512517066,0,ask,88181.20,0.005,delta
1766200185999,501512517066,0,ask,88185.80,0,delta
1766200186019,501512517096,0,bid,88162.50,0.012,delta
1766200186019,501512517096,0,bid,88162.40,0.006,delta
1766200186039,501512517110,0,ask,88185.00,0.038,delta
1766200186059,501512517135,0,bid,88170.90,1.651,delta
1766200186059,501512517135,0,ask,88171.00,1.105,delta
1766200186079,501512517220,0,bid,88170.90,1.684,delta
1766200186079,501512517220,0,bid,88165.40,0.008,delta
1766200186100,501512517234,0,ask,88181.20,0,delta
1766200186100,501512517234,0,ask,88181.30,0.193,delta
1766200186100,501512517234,0,ask,88185.80,0.911,delta
1766200186119,501512517267,0,bid,88162.50,0.014,delta
1766200186119,501512517267,0,bid,88162.40,0.004,delta
1766200186139,501512517287,0,bid,88163.00,0.021,delta
1766200186139,501512517287,0,bid,88162.50,0.012,delta
1766200186159,501512517337,0,bid,88170.90,1.641,delta
1766200186159,501512517337,0,bid,88165.50,0.032,delta
1766200186159,501512517337,0,bid,88163.00,0.019,delta
1766200186159,501512517337,0,bid,88162.50,0.014,delta
1766200186159,501512517337,0,ask,88181.20,0.005,delta
1766200186159,501512517337,0,ask,88181.30,0.188,delta
1766200186159,501512517337,0,ask,88185.80,0,delta
1766200186179,501512517355,0,bid,88165.50,0.016,delta
1766200186179,501512517355,0,ask,88181.20,0,delta
1766200186179,501512517355,0,ask,88181.30,0.193,delta
1766200186179,501512517355,0,ask,88185.80,0.911,delta
1766200186200,501512517365,0,bid,88165.20,0.038,delta
1766200186200,501512517365,0,ask,88185.00,0.058,delta
1766200186239,501512517398,0,ask,88172.50,0,delta
1766200186239,501512517398,0,ask,88185.90,0.422,delta
1766200186260,501512517420,0,bid,88162.50,0.012,delta
1766200186399,501512517524,0,bid,88170.90,1.614,delta
1766200186419,501512517657,0,bid,88162.40,0.006,delta
1766200186419,501512517657,0,ask,88171.00,1.112,delta
1766200186479,501512517701,0,bid,88165.20,0.018,delta
1766200186479,501512517701,0,ask,88185.00,0.038,delta
1766200186499,501512517745,0,bid,88165.10,1.629,delta
1766200186499,501512517745,0,ask,88181.10,0.006,delta
1766200186499,501512517745,0,ask,88181.30,0.188,delta
1766200186499,501512517745,0,ask,88185.00,0.058,delta
1766200186520,501512517786,0,bid,88162.40,0.004,delta
1766200186520,501512517786,0,ask,88180.80,0.020,delta
1766200186520,501512517786,0,ask,88181.10,0.001,delta
1766200186539,501512517798,0,ask,88174.20,0.080,delta
1766200186539,501512517798,0,ask,88185.90,0,delta
1766200186559,501512517832,0,ask,88185.00,0.038,delta
1766200186579,501512517855,0,ask,88174.20,0,delta
1766200186579,501512517855,0,ask,88185.90,0.422,delta
1766200186599,501512517906,0,bid,88170.90,1.612,delta
1766200186620,501512517989,0,bid,88170.90,1.614,delta
1766200186639,501512518007,0,ask,88180.00,0.102,delta
1766200186639,501512518007,0,ask,88180.80,0.015,delta
1766200186639,501512518007,0,ask,88180.90,0.005,delta
1766200186639,501512518007,0,ask,88185.90,0,delta
1766200186659,501512518018,0,ask,88172.50,0.001,delta
1766200186659,501512518018,0,ask,88185.80,0,delta
1766200186740,501512518175,0,bid,88170.90,1.599,delta
1766200186740,501512518175,0,ask,88184.40,0.024,delta
1766200186799,501512518274,0,ask,88171.00,1.105,delta
1766200186799,501512518274,0,ask,88180.00,0.002,delta
1766200186799,501512518274,0,ask,88180.90,0,delta
1766200186799,501512518274,0,ask,88181.00,0.005,delta
1766200186819,501512518296,0,ask,88185.00,0.058,delta
1766200186979,501512518446,0,ask,88184.40,0.004,delta
1766200187019,501512518488,0,ask,88180.80,0.020,delta
1766200187019,501512518488,0,ask,88181.00,0,delta
1766200187019,501512518488,0,ask,88185.80,0.911,delta
1766200187039,501512518505,0,ask,88180.80,0.015,delta
1766200187039,501512518505,0,ask,88181.00,0.005,delta
1766200187039,501512518505,0,ask,88185.80,0,delta
1766200187160,501512518600,0,ask,88172.50,0,delta
1766200187160,501512518600,0,ask,88185.80,0.911,delta
1766200187299,501512518749,0,ask,88171.00,1.096,delta
1766200187399,501512518852,0,ask,88171.00,1.105,delta
1766200187519,501512518991,0,ask,88171.00,1.112,delta
1766200187559,501512519012,0,ask,88172.40,0.001,delta
1766200187559,501512519012,0,ask,88185.80,0,delta
1766200187579,501512519037,0,bid,88162.90,0.018,delta
1766200187599,501512519073,0,bid,88162.90,0.016,delta
1766200187759,501512519172,0,ask,88180.90,0.005,delta
1766200187759,501512519172,0,ask,88181.00,0,delta
1766200188199,501512519513,0,ask,88171.00,1.105,delta
1766200188199,501512519513,0,ask,88172.40,0,delta
1766200188199,501512519513,0,ask,88180.00,0.102,delta
1766200188199,501512519513,0,ask,88185.80,0.911,delta
1766200188220,501512519536,0,ask,88184.40,0.024,delta
1766200188220,501512519536,0,ask,88185.00,0.038,delta
1766200188239,501512519569,0,ask,88180.00,0.002,delta
1766200188259,501512519648,0,bid,88170.90,1.642,delta
1766200188259,501512519648,0,bid,88165.20,0.038,delta
1766200188259,501512519648,0,bid,88165.10,1.609,delta
1766200188259,501512519648,0,bid,88162.90,0.018,delta
1766200188259,501512519648,0,ask,88185.00,0.058,delta
1766200188279,501512519682,0,bid,88162.90,0.016,delta
1766200188319,501512519702,0,bid,88163.00,0.021,delta
1766200188339,501512519721,0,bid,88170.90,1.599,delta
1766200188339,501512519721,0,bid,88163.00,0.019,delta
1766200188339,501512519721,0,bid,88162.40,0.006,delta
1766200188360,501512519777,0,bid,88165.10,1.629,delta
1766200188379,501512519790,0,ask,88184.40,0.004,delta
1766200188419,501512519812,0,bid,88162.90,0.018,delta
1766200188419,501512519812,0,bid,88162.40,0.004,delta
1766200188439,501512519828,0,bid,88162.90,0.016,delta
1766200188480,501512519854,0,bid,88165.20,0.018,delta
1766200188480,501512519854,0,ask,88180.80,0.020,delta
1766200188480,501512519854,0,ask,88180.90,0,delta
1766200188480,501512519854,0,ask,88185.90,0.422,delta
1766200188579,501512519982,0,bid,88164.40,0.002,delta
1766200188579,501512519982,0,bid,88162.40,0,delta
1766200188579,501512519982,0,ask,88171.00,1.103,delta
1766200188599,501512520003,0,ask,88172.40,0.001,delta
1766200188599,501512520003,0,ask,88185.90,0,delta
1766200188760,501512520138,0,ask,88180.80,0.015,delta
1766200188760,501512520138,0,ask,88181.10,0.006,delta
1766200188780,501512520198,0,ask,88171.00,1.094,delta
1766200188839,501512520240,0,bid,88162.90,0.018,delta
1766200188859,501512520268,0,bid,88162.90,0.016,delta
1766200188880,501512520321,0,ask,88171.00,1.103,delta
1766200188880,501512520321,0,ask,88181.00,0.005,delta
1766200188880,501512520321,0,ask,88181.10,0.001,delta
1766200188880,501512520321,0,ask,88185.80,0,delta
1766200188939,501512520376,0,bid,88162.90,0.018,delta
1766200188959,501512520403,0,bid,88162.90,0.016,delta
1766200188959,501512520403,0,ask,88180.80,0.020,delta
1766200188959,501512520403,0,ask,88181.00,0,delta
1766200188959,501512520403,0,ask,88185.80,0.911,delta
1766200188999,501512520458,0,bid,88170.90,1.642,delta
1766200188999,501512520458,0,bid,88165.20,0.038,delta
1766200188999,501512520458,0,bid,88165.10,1.609,delta
1766200188999,501512520458,0,ask,88180.80,0.015,delta
1766200188999,501512520458,0,ask,88180.90,0.005,delta
1766200188999,501512520458,0,ask,88185.80,0,delta
1766200189019,501512520484,0,bid,88169.80,0,delta
1766200189019,501512520484,0,bid,88169.30,0.005,delta
1766200189019,501512520484,0,ask,88175.20,0.005,delta
1766200189019,501512520484,0,ask,88176.10,0,delta
1766200189039,501512520516,0,bid,88169.80,0.005,delta
1766200189039,501512520516,0,bid,88169.30,0,delta
1766200189039,501512520516,0,ask,88175.20,0,delta
1766200189039,501512520516,0,ask,88176.10,0.005,delta
1766200189059,501512520541,0,bid,88163.00,0.021,delta
1766200189099,501512520578,0,bid,88170.90,1.599,delta
1766200189099,501512520578,0,ask,88171.00,1.110,delta
1766200189120,501512520625,0,bid,88170.90,1.605,delta
1766200189120,501512520625,0,bid,88163.00,0.019,delta
1766200189120,501512520625,0,ask,88180.80,0.020,delta
1766200189120,501512520625,0,ask,88180.90,0,delta
1766200189120,501512520625,0,ask,88185.00,0.038,delta
1766200189120,501512520625,0,ask,88185.80,0.911,delta
1766200189179,501512520754,0,ask,88171.00,0.927,delta
1766200189179,501512520754,0,ask,88180.80,0.015,delta
1766200189179,501512520754,0,ask,88181.00,0.005,delta
1766200189179,501512520754,0,ask,88185.80,0,delta
1766200189199,501512520823,0,ask,88171.00,1.068,delta
1766200189219,501512520850,0,ask,88180.80,0.020,delta
1766200189219,501512520850,0,ask,88181.00,0,delta
1766200189219,501512520850,0,ask,88185.80,0.911,delta
1766200189240,501512520870,0,bid,88165.20,0.018,delta
1766200189240,501512520870,0,bid,88165.10,1.629,delta
1766200189240,501512520870,0,bid,88163.00,0.021,delta
1766200189240,501512520870,0,ask,88172.40,0,delta
1766200189240,501512520870,0,ask,88185.90,0.422,delta
1766200189259,501512520892,0,ask,88184.40,0.024,delta
1766200189280,501512520909,0,bid,88163.00,0.019,delta
1766200189339,501512521010,0,ask,88171.00,0.968,delta
1766200189339,501512521010,0,ask,88180.80,0.015,delta
1766200189339,501512521010,0,ask,88180.90,0.005,delta
1766200189339,501512521010,0,ask,88185.00,0.058,delta
1766200189339,501512521010,0,ask,88185.90,0,delta
1766200189399,501512521036,0,bid,88163.00,0.021,delta
1766200189419,501512521055,0,bid,88163.00,0.019,delta
1766200189419,501512521055,0,ask,88184.40,0.004,delta
1766200189499,501512521105,0,ask,88180.90,0,delta
1766200189499,501512521105,0,ask,88181.10,0.006,delta
1766200189499,501512521105,0,ask,88185.90,0.422,delta
1766200189639,501512521383,0,bid,88166.50,0.035,delta
1766200189639,501512521383,0,ask,88171.00,0.952,delta
1766200189639,501512521383,0,ask,88172.40,0.001,delta
1766200189639,501512521383,0,ask,88173.30,0.004,delta
1766200189639,501512521383,0,ask,88185.80,0,delta
1766200189639,501512521383,0,ask,88185.90,0,delta
1766200189699,501512521474,0,bid,88163.00,0.021,delta
1766200189719,501512521530,0,bid,88170.90,1.606,delta
1766200189719,501512521530,0,bid,88163.00,0.019,delta
1766200189739,501512521585,0,bid,88168.10,0.082,delta
1766200189739,501512521585,0,ask,88171.00,0.961,delta
1766200189739,501512521585,0,ask,88181.00,0.005,delta
1766200189739,501512521585,0,ask,88181.10,0.001,delta
1766200189739,501512521585,0,ask,88185.60,0,delta
1766200189759,501512521607,0,bid,88166.50,0.015,delta
1766200189759,501512521607,0,bid,88165.10,1.609,delta
1766200189779,501512521626,0,bid,88168.10,0.002,delta
1766200189799,501512521644,0,bid,88163.00,0.021,delta
1766200189819,501512521668,0,bid,88163.00,0.019,delta
1766200189819,501512521668,0,bid,88162.50,0.014,delta
1766200189859,501512521695,0,bid,88162.50,0.012,delta
1766200189879,501512521703,0,bid,88165.10,1.629,delta
1766200189999,501512521755,0,ask,88171.00,0.959,delta
1766200190019,501512521890,0,bid,88170.90,1.611,delta
1766200190019,501512521890,0,bid,88169.80,0,delta
1766200190019,501512521890,0,bid,88166.50,0.035,delta
1766200190019,501512521890,0,bid,88162.40,0.004,delta
1766200190019,501512521890,0,ask,88171.00,0.960,delta
1766200190019,501512521890,0,ask,88176.10,0,delta
1766200190019,501512521890,0,ask,88181.00,0,delta
1766200190019,501512521890,0,ask,88182.40,0.007,delta
1766200190019,501512521890,0,ask,88185.60,0.004,delta
1766200190019,501512521890,0,ask,88185.80,0.911,delta
1766200190039,501512521957,0,bid,88170.90,1.606,delta
1766200190039,501512521957,0,bid,88169.80,0.005,delta
1766200190039,501512521957,0,bid,88162.40,0,delta
1766200190039,501512521957,0,ask,88176.10,0.005,delta
1766200190039,501512521957,0,ask,88180.90,0.005,delta
1766200190039,501512521957,0,ask,88182.40,0.002,delta
1766200190039,501512521957,0,ask,88185.60,0,delta
1766200190039,501512521957,0,ask,88185.80,0,delta
1766200190079,501512522001,0,bid,88163.00,0.021,delta
1766200190120,501512522069,0,bid,88163.00,0.019,delta
1766200190120,501512522069,0,ask,88180.90,0,delta
1766200190120,501512522069,0,ask,88181.00,0.005,delta
1766200190139,501512522099,0,bid,88165.10,1.609,delta
1766200190139,501512522099,0,ask,88171.00,0.967,delta
1766200190159,501512522158,0,bid,88170.90,1.649,delta
1766200190159,501512522158,0,bid,88166.50,0.015,delta
1766200190159,501512522158,0,ask,88175.20,0.005,delta
1766200190159,501512522158,0,ask,88176.10,0,delta
1766200190159,501512522158,0,ask,88180.80,0.020,delta
1766200190159,501512522158,0,ask,88181.00,0,delta
1766200190159,501512522158,0,ask,88185.60,0.004,delta
1766200190179,501512522182,0,ask,88172.40,0,delta
1766200190179,501512522182,0,ask,88185.80,0.911,delta
1766200190199,501512522207,0,bid,88165.20,0.038,delta
1766200190199,501512522207,0,ask,88175.20,0,delta
1766200190199,501512522207,0,ask,88176.10,0.005,delta
1766200190219,501512522253,0,bid,88170.90,1.606,delta
1766200190219,501512522253,0,bid,88163.00,0.021,delta
1766200190219,501512522253,0,ask,88175.20,0.005,delta
1766200190219,501512522253,0,ask,88176.10,0,delta
1766200190240,501512522281,0,bid,88163.00,0.019,delta
1766200190240,501512522281,0,ask,88185.00,0.038,delta
1766200190259,501512522299,0,bid,88165.10,1.629,delta
1766200190279,501512522324,0,ask,88185.00,0.058,delta
1766200190300,501512522342,0,ask,88175.20,0,delta
1766200190300,501512522342,0,ask,88176.10,0.005,delta
1766200190319,501512522372,0,ask,88180.80,0.015,delta
1766200190319,501512522372,0,ask,88180.90,0.005,delta
1766200190319,501512522372,0,ask,88185.80,0,delta
1766200190379,501512522465,0,ask,88171.00,0.960,delta
1766200190379,501512522465,0,ask,88180.90,0,delta
1766200190379,501512522465,0,ask,88181.10,0.006,delta
1766200190379,501512522465,0,ask,88185.80,0.911,delta
1766200190439,501512522631,0,bid,88166.50,0.019,delta
1766200190439,501512522631,0,bid,88165.20,0.018,delta
1766200190439,501512522631,0,bid,88163.00,0.021,delta
1766200190439,501512522631,0,ask,88171.00,0.961,delta
1766200190439,501512522631,0,ask,88185.00,0.038,delta
1766200190459,501512522674,0,bid,88163.00,0.019,delta
1766200190519,501512522738,0,bid,88163.00,0.021,delta
1766200190539,501512522802,0,bid,88170.90,1.649,delta
1766200190539,501512522802,0,bid,88166.50,0.015,delta
1766200190539,501512522802,0,bid,88165.10,1.609,delta
1766200190539,501512522802,0,bid,88163.00,0.019,delta
1766200190559,501512522837,0,ask,88172.40,0.001,delta
1766200190559,501512522837,0,ask,88185.80,0,delta
1766200190679,501512523206,0,bid,88165.20,0.038,delta
1766200190679,501512523206,0,ask,88185.00,0.058,delta
1766200190819,501512523663,0,ask,88171.00,0.952,delta
1766200190879,501512523787,0,bid,88165.60,0.084,delta
1766200190899,501512523838,0,bid,88165.70,0.021,delta
1766200190899,501512523838,0,bid,88165.20,0.018,delta
1766200190899,501512523838,0,bid,88163.00,0.021,delta
1766200190919,501512523884,0,ask,88171.00,0.961,delta
1766200190939,501512523942,0,bid,88163.00,0.019,delta
1766200190939,501512523942,0,ask,88185.00,0.038,delta
1766200190979,501512524008,0,ask,88185.00,0.058,delta
1766200191019,501512524092,0,bid,88162.50,0.014,delta
1766200191019,501512524092,0,ask,88171.00,0.968,delta
1766200191019,501512524092,0,ask,88176.10,0,delta
1766200191019,501512524092,0,ask,88181.00,0.005,delta
1766200191019,501512524092,0,ask,88181.10,0.001,delta
1766200191040,501512524122,0,ask,88176.10,0.005,delta
1766200191040,501512524122,0,ask,88185.60,0,delta
1766200191079,501512524192,0,ask,88171.00,0.959,delta
1766200191119,501512524273,0,bid,88170.90,1.643,delta
1766200191139,501512524299,0,bid,88163.10,0.123,delta
1766200191139,501512524299,0,bid,88162.50,0.012,delta
1766200191159,501512524313,0,bid,88163.10,0.121,delta
1766200191159,501512524313,0,bid,88162.50,0.014,delta
1766200191179,501512524345,0,ask,88171.00,0.968,delta
1766200191200,501512524362,0,bid,88165.60,0.028,delta
1766200191200,501512524362,0,ask,88172.40,0,delta
1766200191200,501512524362,0,ask,88185.60,0.004,delta
1766200191219,501512524388,0,bid,88165.50,0.036,delta
1766200191239,501512524405,0,ask,88185.00,0.038,delta
1766200191279,501512524425,0,bid,88165.60,0.032,delta
1766200191279,501512524425,0,ask,88185.00,0.058,delta
1766200191319,501512524465,0,bid,88170.90,1.600,delta
1766200191339,501512524494,0,bid,88165.70,0.001,delta
1766200191359,501512524527,0,bid,88165.60,0.028,delta
1766200191359,501512524527,0,bid,88165.50,0.016,delta
1766200191359,501512524527,0,ask,88180.00,0.103,delta
1766200191380,501512524559,0,bid,88168.40,0.002,delta
1766200191380,501512524559,0,bid,88166.40,0,delta
1766200191380,501512524559,0,bid,88162.40,0.004,delta
1766200191380,501512524559,0,ask,88171.00,0.974,delta
1766200191380,501512524559,0,ask,88174.20,0.080,delta
1766200191380,501512524559,0,ask,88175.20,0.005,delta
1766200191380,501512524559,0,ask,88176.10,0,delta
1766200191380,501512524559,0,ask,88180.80,0.020,delta
1766200191380,501512524559,0,ask,88181.00,0,delta
1766200191380,501512524559,0,ask,88185.00,0.038,delta
1766200191399,501512524625,0,bid,88163.00,0.021,delta
1766200191399,501512524625,0,bid,88162.50,0.012,delta
1766200191399,501512524625,0,ask,88171.00,1.138,delta
1766200191399,501512524625,0,ask,88180.80,0.015,delta
1766200191399,501512524625,0,ask,88181.50,0.386,delta
1766200191420,501512524664,0,bid,88163.00,0.019,delta
1766200191420,501512524664,0,ask,88175.10,0.005,delta
1766200191420,501512524664,0,ask,88175.20,0,delta
1766200191420,501512524664,0,ask,88180.70,0.005,delta
1766200191420,501512524664,0,ask,88181.50,0.381,delta
1766200191420,501512524664,0,ask,88185.60,0,delta
1766200191479,501512524721,0,bid,88169.80,0,delta
1766200191479,501512524721,0,bid,88169.30,0.005,delta
1766200191479,501512524721,0,bid,88165.10,1.629,delta
1766200191479,501512524721,0,ask,88178.90,0.084,delta
1766200191479,501512524721,0,ask,88180.50,0.005,delta
1766200191479,501512524721,0,ask,88180.70,0,delta
1766200191479,501512524721,0,ask,88184.20,0.178,delta
1766200191499,501512524773,0,ask,88171.00,1.147,delta
1766200191499,501512524773,0,ask,88173.90,0.001,delta
1766200191499,501512524773,0,ask,88178.80,0.119,delta
1766200191499,501512524773,0,ask,88179.00,0.001,delta
1766200191499,501512524773,0,ask,88185.40,0,delta
1766200191499,501512524773,0,ask,88185.50,0,delta
1766200191519,501512524803,0,ask,88180.30,0.005,delta
1766200191519,501512524803,0,ask,88180.50,0,delta
1766200191559,501512524845,0,ask,88180.20,0.005,delta
1766200191559,501512524845,0,ask,88180.30,0,delta
1766200191579,501512524862,0,ask,88184.20,0.198,delta
1766200191599,501512524874,0,ask,88172.40,0.001,delta
1766200191599,501512524874,0,ask,88185.30,0,delta
1766200191619,501512524890,0,ask,88173.80,0.080,delta
1766200191619,501512524890,0,ask,88174.20,0,delta
1766200191639,501512524914,0,ask,88171.00,0.980,delta
1766200191659,501512524938,0,ask,88180.20,0,delta
1766200191659,501512524938,0,ask,88180.30,0.005,delta
1766200191679,501512524973,0,ask,88173.80,0,delta
1766200191679,501512524973,0,ask,88185.00,0.058,delta
1766200191679,501512524973,0,ask,88185.30,0.004,delta
1766200191699,501512525020,0,ask,88171.00,0.971,delta
1766200191699,501512525020,0,ask,88184.40,0.024,delta
1766200191719,501512525079,0,ask,88180.30,0,delta
1766200191719,501512525079,0,ask,88180.40,0.005,delta
1766200191739,501512525116,0,bid,88165.10,1.609,delta
1766200191739,501512525116,0,ask,88185.00,0.038,delta
1766200191779,501512525189,0,ask,88180.30,0.005,delta
1766200191779,501512525189,0,ask,88180.40,0,delta
1766200191799,501512525258,0,bid,88166.40,0.101,delta
1766200191799,501512525258,0,bid,88162.40,0,delta
1766200191799,501512525258,0,ask,88171.00,0.975,delta
1766200191799,501512525258,0,ask,88180.30,0,delta
1766200191799,501512525258,0,ask,88180.40,0.005,delta
1766200191819,501512525314,0,ask,88180.40,0,delta
1766200191819,501512525314,0,ask,88180.50,0.005,delta
1766200191839,501512525365,0,ask,88180.20,0.005,delta
1766200191839,501512525365,0,ask,88180.50,0,delta
1766200191839,501512525365,0,ask,88184.20,0.178,delta
1766200191979,501512525586,0,bid,88165.70,0.021,delta
1766200191999,501512525626,0,ask,88180.20,0,delta
1766200191999,501512525626,0,ask,88180.30,0.005,delta
1766200192179,501512526016,0,bid,88165.80,0.021,delta
1766200192200,501512526080,0,bid,88165.70,0.001,delta
1766200192239,501512526178,0,ask,88172.40,0,delta
1766200192239,501512526178,0,ask,88185.40,0.001,delta
1766200192259,501512526222,0,bid,88165.90,0.020,delta
1766200192259,501512526222,0,bid,88162.50,0,delta
1766200192259,501512526222,0,ask,88184.40,0.004,delta
1766200192279,501512526235,0,bid,88165.80,0.001,delta
1766200192299,501512526264,0,bid,88166.00,0.020,delta
1766200192299,501512526264,0,bid,88162.60,0,delta
1766200192299,501512526264,0,ask,88181.50,0.590,delta
1766200192299,501512526264,0,ask,88184.40,0.024,delta
1766200192319,501512526296,0,bid,88165.90,0,delta
1766200192319,501512526296,0,bid,88162.60,1.399,delta
1766200192319,501512526296,0,ask,88181.30,0.266,delta
1766200192459,501512526575,0,bid,88169.80,0.005,delta
1766200192459,501512526575,0,bid,88169.30,0,delta
1766200192459,501512526575,0,bid,88163.60,0.911,delta
1766200192459,501512526575,0,ask,88171.00,0.918,delta
1766200192459,501512526575,0,ask,88180.30,0,delta
1766200192459,501512526575,0,ask,88180.80,0.020,delta
1766200192459,501512526575,0,ask,88185.50,0.017,delta
1766200192480,501512526602,0,bid,88166.10,0.024,delta
1766200192480,501512526602,0,ask,88171.00,0.974,delta
1766200192499,501512526629,0,bid,88166.40,0,delta
1766200192499,501512526629,0,bid,88166.00,0,delta
1766200192499,501512526629,0,bid,88163.60,0.912,delta
1766200192499,501512526629,0,bid,88162.50,0.012,delta
1766200192499,501512526629,0,bid,88162.40,0.004,delta
1766200192499,501512526629,0,ask,88180.60,0.005,delta
1766200192499,501512526629,0,ask,88180.80,0.015,delta
1766200192499,501512526629,0,ask,88184.40,0.004,delta
1766200192499,501512526629,0,ask,88185.50,0,delta
1766200192519,501512526659,0,bid,88166.10,0.004,delta
1766200192539,501512526683,0,bid,88162.70,0.117,delta
1766200192539,501512526683,0,ask,88180.60,0,delta
1766200192539,501512526683,0,ask,88180.70,0.005,delta
1766200192559,501512526710,0,bid,88162.70,0.115,delta
1766200192559,501512526710,0,ask,88180.50,0.005,delta
1766200192559,501512526710,0,ask,88180.70,0,delta
1766200192579,501512526718,0,bid,88169.80,0,delta
1766200192579,501512526718,0,bid,88169.30,0.005,delta
1766200192579,501512526718,0,bid,88165.10,1.629,delta
1766200192600,501512526738,0,bid,88169.80,0.005,delta
1766200192600,501512526738,0,bid,88169.30,0,delta
1766200192639,501512526769,0,ask,88172.40,0.001,delta
1766200192639,501512526769,0,ask,88185.40,0,delta
1766200192679,501512526796,0,bid,88169.80,0,delta
1766200192679,501512526796,0,bid,88169.30,0.005,delta
1766200192699,501512526817,0,ask,88185.00,0.058,delta
1766200192719,501512526832,0,ask,88180.40,0.005,delta
1766200192719,501512526832,0,ask,88180.50,0,delta
1766200192739,501512526853,0,ask,88180.20,0.005,delta
1766200192739,501512526853,0,ask,88180.40,0,delta
1766200192900,501512526926,0,ask,88184.80,0.001,delta
1766200192900,501512526926,0,ask,88185.30,0,delta
1766200192959,501512526973,0,ask,88173.80,0.080,delta
1766200192959,501512526973,0,ask,88180.10,0.146,delta
1766200192959,501512526973,0,ask,88180.20,0,delta
1766200192979,501512526987,0,ask,88185.00,0.038,delta
1766200193019,501512527054,0,bid,88170.90,1.608,delta
1766200193019,501512527054,0,ask,88171.00,0.965,delta
1766200193019,501512527054,0,ask,88173.80,0,delta
1766200193019,501512527054,0,ask,88175.10,0,delta
1766200193019,501512527054,0,ask,88175.20,0.005,delta
1766200193019,501512527054,0,ask,88179.90,0.005,delta
1766200193019,501512527054,0,ask,88180.10,0.141,delta
1766200193039,501512527109,0,bid,88170.90,1.600,delta
1766200193039,501512527109,0,ask,88179.90,0,delta
1766200193039,501512527109,0,ask,88180.20,0.005,delta
1766200193039,501512527109,0,ask,88185.00,0.058,delta
1766200193119,501512527273,0,bid,88170.90,1.612,delta
1766200193119,501512527273,0,ask,88171.00,0.974,delta
1766200193119,501512527273,0,ask,88180.10,0.146,delta
1766200193119,501512527273,0,ask,88180.20,0,delta
1766200193119,501512527273,0,ask,88185.30,0.004,delta
1766200193139,501512527318,0,bid,88170.90,1.600,delta
1766200193139,501512527318,0,bid,88165.10,1.609,delta
1766200193159,501512527327,0,ask,88172.40,0,delta
1766200193159,501512527327,0,ask,88185.40,0.001,delta
1766200193199,501512527354,0,ask,88171.00,1.020,delta
1766200193219,501512527399,0,bid,88165.10,1.629,delta
1766200193219,501512527399,0,ask,88171.00,0.974,delta
1766200193219,501512527399,0,ask,88185.00,0.038,delta
1766200193239,501512527417,0,ask,88174.20,0.080,delta
1766200193239,501512527417,0,ask,88185.40,0,delta
1766200193260,501512527459,0,bid,88167.20,0.024,delta
1766200193260,501512527459,0,ask,88171.00,0.969,delta
1766200193279,501512527473,0,bid,88165.60,0.084,delta
1766200193299,501512527488,0,bid,88167.20,0.004,delta
1766200193299,501512527488,0,bid,88165.60,0.088,delta
1766200193299,501512527488,0,bid,88165.10,1.609,delta
1766200193319,501512527511,0,bid,88162.60,1.401,delta
1766200193339,501512527552,0,bid,88162.60,1.399,delta
1766200193339,501512527552,0,ask,88174.40,0.574,delta
1766200193339,501512527552,0,ask,88175.20,0,delta
1766200193339,501512527552,0,ask,88185.40,0.001,delta
1766200193360,501512527567,0,ask,88173.80,0.080,delta
1766200193360,501512527567,0,ask,88185.40,0,delta
1766200193379,501512527588,0,ask,88174.40,0.569,delta
1766200193379,501512527588,0,ask,88175.20,0.005,delta
1766200193379,501512527588,0,ask,88185.30,0,delta
1766200193399,501512527634,0,ask,88171.00,0.960,delta
1766200193399,501512527634,0,ask,88173.80,0,delta
1766200193399,501512527634,0,ask,88174.30,0.179,delta
1766200193399,501512527634,0,ask,88175.20,0,delta
1766200193399,501512527634,0,ask,88180.00,0.108,delta
1766200193399,501512527634,0,ask,88180.10,0.141,delta
1766200193399,501512527634,0,ask,88185.30,0.004,delta
1766200193399,501512527634,0,ask,88185.40,0.001,delta
1766200193419,501512527680,0,ask,88174.20,0,delta
1766200193419,501512527680,0,ask,88185.50,0.017,delta
1766200193479,501512527808,0,ask,88171.00,0.904,delta
1766200193479,501512527808,0,ask,88180.00,0.103,delta
1766200193479,501512527808,0,ask,88180.10,0.146,delta
1766200193499,501512527857,0,bid,88165.50,0.036,delta
1766200193499,501512527857,0,ask,88171.00,0.973,delta
1766200193499,501512527857,0,ask,88180.00,0.108,delta
1766200193499,501512527857,0,ask,88180.10,0.141,delta
1766200193519,501512527874,0,bid,88165.60,0.032,delta
1766200193539,501512527892,0,bid,88165.60,0.028,delta
1766200193539,501512527892,0,ask,88172.40,0.001,delta
1766200193539,501512527892,0,ask,88180.00,0.103,delta
1766200193539,501512527892,0,ask,88180.10,0.146,delta
1766200193539,501512527892,0,ask,88185.50,0,delta
1766200193559,501512527916,0,ask,88180.00,0.108,delta
1766200193559,501512527916,0,ask,88180.10,0.141,delta
1766200193579,501512527923,0,bid,88165.50,0.016,delta
1766200193579,501512527923,0,ask,88180.00,0.103,delta
1766200193579,501512527923,0,ask,88180.10,0.146,delta
1766200193600,501512527955,0,bid,88165.10,1.629,delta
1766200193600,501512527955,0,ask,88171.00,0.964,delta
1766200193699,501512528004,0,ask,88171.00,0.973,delta
1766200193699,501512528004,0,ask,88185.00,0.058,delta
1766200193719,501512528016,0,ask,88180.00,0.108,delta
1766200193719,501512528016,0,ask,88180.10,0.141,delta
1766200193819,501512528068,0,ask,88180.00,0.103,delta
1766200193819,501512528068,0,ask,88180.10,0.146,delta
1766200193939,501512528166,0,bid,88170.90,1.237,delta
1766200193939,501512528166,0,ask,88171.00,1.202,delta
1766200193959,501512528255,0,bid,88170.90,1.207,delta
1766200193959,501512528255,0,bid,88169.30,0,delta
1766200193959,501512528255,0,bid,88168.30,0,delta
1766200193959,501512528255,0,bid,88167.60,0.005,delta
1766200193959,501512528255,0,bid,88167.40,0,delta
1766200193959,501512528255,0,bid,88167.20,0,delta
1766200193959,501512528255,0,bid,88167.10,0.008,delta
1766200193959,501512528255,0,bid,88165.10,1.609,delta
1766200193959,501512528255,0,bid,88163.90,0.030,delta
1766200193959,501512528255,0,bid,88163.40,0,delta
1766200193959,501512528255,0,bid,88162.30,0.004,delta
1766200193959,501512528255,0,bid,88162.20,3.262,delta
1766200193959,501512528255,0,bid,88162.10,0.002,delta
1766200193959,501512528255,0,ask,88172.90,0.005,delta
1766200193959,501512528255,0,ask,88174.30,0.174,delta
1766200193959,501512528255,0,ask,88178.40,0.005,delta
1766200193959,501512528255,0,ask,88180.10,0.141,delta
1766200193959,501512528255,0,ask,88184.20,0.404,delta
1766200193959,501512528255,0,ask,88185.00,0.038,delta
1766200193959,501512528255,0,ask,88185.30,0,delta
1766200193959,501512528255,0,ask,88185.40,0,delta
1766200193999,501512528305,0,bid,88163.50,0.004,delta
1766200193999,501512528305,0,ask,88178.40,0,delta
1766200193999,501512528305,0,ask,88178.50,0.005,delta
1766200194019,501512528347,0,bid,88170.90,1.214,delta
1766200194019,501512528347,0,ask,88178.50,0,delta
1766200194019,501512528347,0,ask,88178.70,0.005,delta
1766200194019,501512528347,0,ask,88184.20,0.178,delta
1766200194019,501512528347,0,ask,88184.40,0.250,delta
1766200194040,501512528389,0,bid,88165.70,0.021,delta
1766200194040,501512528389,0,ask,88172.90,0,delta
1766200194040,501512528389,0,ask,88173.20,0.005,delta
1766200194059,501512528408,0,bid,88168.10,0.007,delta
1766200194059,501512528408,0,bid,88167.60,0,delta
1766200194059,501512528408,0,bid,88165.60,0.095,delta
1766200194059,501512528408,0,bid,88162.00,0.088,delta
1766200194099,501512528459,0,ask,88178.70,0,delta
1766200194099,501512528459,0,ask,88178.90,0.089,delta
1766200194099,501512528459,0,ask,88185.30,0.004,delta
1766200194120,501512528484,0,bid,88168.30,0.023,delta
1766200194120,501512528484,0,bid,88162.00,0,delta
1766200194120,501512528484,0,ask,88173.20,0,delta
1766200194120,501512528484,0,ask,88173.50,0.085,delta
1766200194120,501512528484,0,ask,88184.40,0.024,delta
1766200194120,501512528484,0,ask,88184.70,0.227,delta
1766200194139,501512528514,0,ask,88178.90,0.084,delta
1766200194139,501512528514,0,ask,88179.00,0.006,delta
1766200194139,501512528514,0,ask,88184.70,0.001,delta
1766200194139,501512528514,0,ask,88184.90,0.226,delta
1766200194139,501512528514,0,ask,88185.30,0,delta
1766200194159,501512528560,0,bid,88168.20,0.005,delta
1766200194159,501512528560,0,bid,88168.10,0.002,delta
1766200194159,501512528560,0,bid,88162.10,0,delta
1766200194159,501512528560,0,ask,88178.90,0.089,delta
1766200194159,501512528560,0,ask,88179.00,0.001,delta
1766200194159,501512528560,0,ask,88184.40,0.004,delta
1766200194179,501512528873,0,bid,88170.90,1.939,delta
1766200194179,501512528873,0,bid,88170.80,0,delta
1766200194179,501512528873,0,bid,88167.30,0.003,delta
1766200194179,501512528873,0,bid,88167.10,0,delta
1766200194179,501512528873,0,bid,88166.80,0,delta
1766200194179,501512528873,0,bid,88166.50,0.011,delta
1766200194179,501512528873,0,bid,88166.40,0.101,delta
1766200194179,501512528873,0,bid,88166.10,0,delta
1766200194179,501512528873,0,bid,88165.60,0.091,delta
1766200194179,501512528873,0,bid,88165.50,0.004,delta
1766200194179,501512528873,0,bid,88165.40,0,delta
1766200194179,501512528873,0,bid,88165.30,0,delta
1766200194179,501512528873,0,bid,88165.20,0.010,delta
1766200194179,501512528873,0,bid,88165.00,3.774,delta
1766200194179,501512528873,0,bid,88164.90,0,delta
1766200194179,501512528873,0,bid,88162.10,0.002,delta
1766200194179,501512528873,0,bid,88162.00,0.088,delta
1766200194179,501512528873,0,bid,88161.90,0.036,delta
1766200194179,501512528873,0,bid,88161.80,0.076,delta
1766200194179,501512528873,0,bid,88161.70,0.067,delta
1766200194179,501512528873,0,bid,88161.60,0.032,delta
1766200194179,501512528873,0,ask,88171.00,0.347,delta
1766200194179,501512528873,0,ask,88173.50,0.005,delta
1766200194179,501512528873,0,ask,88173.90,0,delta
1766200194179,501512528873,0,ask,88174.30,0,delta
1766200194179,501512528873,0,ask,88180.00,0.002,delta
1766200194179,501512528873,0,ask,88181.50,0.176,delta
1766200194179,501512528873,0,ask,88181.80,0.008,delta
1766200194179,501512528873,0,ask,88182.10,0.008,delta
1766200194179,501512528873,0,ask,88182.90,0.002,delta
1766200194179,501512528873,0,ask,88183.30,0.014,delta
1766200194179,501512528873,0,ask,88183.50,0.008,delta
1766200194179,501512528873,0,ask,88183.90,0.016,delta
1766200194179,501512528873,0,ask,88184.00,0.009,delta
1766200194179,501512528873,0,ask,88184.30,0.058,delta
1766200194179,501512528873,0,ask,88184.40,0.008,delta
1766200194179,501512528873,0,ask,88184.60,0.032,delta
1766200194179,501512528873,0,ask,88184.90,0,delta
1766200194179,501512528873,0,ask,88185.00,0,delta
1766200194179,501512528873,0,ask,88185.10,0,delta
1766200194199,501512529182,0,bid,88170.90,1.987,delta
1766200194199,501512529182,0,bid,88168.20,0,delta
1766200194199,501512529182,0,bid,88166.80,0.112,delta
1766200194199,501512529182,0,bid,88166.60,0.001,delta
1766200194199,501512529182,0,bid,88165.60,0.147,delta
1766200194199,501512529182,0,bid,88165.50,0,delta
1766200194199,501512529182,0,bid,88165.10,1.605,delta
1766200194199,501512529182,0,bid,88163.30,0,delta
1766200194199,501512529182,0,bid,88162.10,0.789,delta
1766200194199,501512529182,0,bid,88161.90,0.262,delta
1766200194199,501512529182,0,bid,88161.50,0.082,delta
1766200194199,501512529182,0,bid,88161.40,0.014,delta
1766200194199,501512529182,0,ask,88171.00,0.934,delta
1766200194199,501512529182,0,ask,88172.40,0,delta
1766200194199,501512529182,0,ask,88173.50,0,delta
1766200194199,501512529182,0,ask,88174.30,0.174,delta
1766200194199,501512529182,0,ask,88176.60,0,delta
1766200194199,501512529182,0,ask,88178.70,0.005,delta
1766200194199,501512529182,0,ask,88178.90,0.002,delta
1766200194199,501512529182,0,ask,88181.30,0.188,delta
1766200194199,501512529182,0,ask,88181.50,0.002,delta
1766200194199,501512529182,0,ask,88183.30,0.018,delta
1766200194199,501512529182,0,ask,88183.50,0.012,delta
1766200194199,501512529182,0,ask,88183.90,0.028,delta
1766200194199,501512529182,0,ask,88184.10,0.007,delta
1766200194199,501512529182,0,ask,88184.30,0.062,delta
1766200194199,501512529182,0,ask,88184.60,0.036,delta
1766200194199,501512529182,0,ask,88184.90,0.004,delta
1766200194219,501512529400,0,bid,88165.80,0.021,delta
1766200194219,501512529400,0,bid,88161.90,0.036,delta
1766200194219,501512529400,0,bid,88161.40,0.240,delta
1766200194219,501512529400,0,ask,88171.00,0.209,delta
1766200194219,501512529400,0,ask,88178.80,0.065,delta
1766200194219,501512529400,0,ask,88183.60,0.005,delta
1766200194219,501512529400,0,ask,88184.10,0.002,delta
1766200194219,501512529400,0,ask,88184.90,0,delta
1766200194239,501512529699,0,bid,88170.90,2.017,delta
1766200194239,501512529699,0,bid,88168.40,0.006,delta
1766200194239,501512529699,0,bid,88166.90,0.004,delta
1766200194239,501512529699,0,bid,88163.90,0,delta
1766200194239,501512529699,0,bid,88161.80,0.927,delta
1766200194239,501512529699,0,ask,88171.00,0.235,delta
1766200194239,501512529699,0,ask,88183.20,0.005,delta
1766200194239,501512529699,0,ask,88183.60,0,delta
1766200194259,501512529910,0,bid,88165.70,0.001,delta
1766200194259,501512529910,0,bid,88163.50,0.006,delta
1766200194259,501512529910,0,bid,88162.10,0.787,delta
1766200194259,501512529910,0,bid,88161.40,0.014,delta
1766200194259,501512529910,0,ask,88177.30,0.005,delta
1766200194259,501512529910,0,ask,88178.70,0,delta
1766200194279,501512530160,0,bid,88167.00,0.004,delta
1766200194279,501512530160,0,bid,88165.20,0.030,delta
1766200194279,501512530160,0,bid,88163.50,0.004,delta
1766200194279,501512530160,0,bid,88162.50,0.014,delta
1766200194279,501512530160,0,bid,88161.40,0,delta
1766200194279,501512530160,0,ask,88171.00,0.936,delta
1766200194279,501512530160,0,ask,88177.00,0.005,delta
1766200194279,501512530160,0,ask,88177.30,0,delta
1766200194279,501512530160,0,ask,88182.80,0.005,delta
1766200194279,501512530160,0,ask,88183.20,0,delta
1766200194299,501512530300,0,bid,88170.90,2.012,delta
1766200194299,501512530300,0,bid,88169.80,0.005,delta
1766200194299,501512530300,0,bid,88161.50,0,delta
1766200194299,501512530300,0,ask,88171.00,0.983,delta
1766200194299,501512530300,0,ask,88176.10,0.005,delta
1766200194299,501512530300,0,ask,88177.00,0,delta
1766200194299,501512530300,0,ask,88181.30,0.193,delta
1766200194299,501512530300,0,ask,88182.80,0,delta
1766200194299,501512530300,0,ask,88184.90,0.004,delta
1766200194319,501512530408,0,bid,88165.20,0.010,delta
1766200194319,501512530408,0,bid,88163.50,0.006,delta
1766200194319,501512530408,0,bid,88162.50,0.012,delta
1766200194319,501512530408,0,ask,88181.10,0.006,delta
1766200194319,501512530408,0,ask,88181.30,0.188,delta
1766200194319,501512530408,0,ask,88181.50,0.176,delta
1766200194339,501512530528,0,bid,88161.80,0.076,delta
1766200194339,501512530528,0,ask,88181.00,0.005,delta
1766200194339,501512530528,0,ask,88181.10,0.001,delta
1766200194339,501512530528,0,ask,88184.90,0,delta
1766200194359,501512530620,0,bid,88170.90,2.013,delta
1766200194359,501512530620,0,ask,88181.00,0,delta
1766200194359,501512530620,0,ask,88181.10,0.006,delta
1766200194359,501512530620,0,ask,88184.90,0.004,delta
1766200194399,501512530784,0,ask,88175.20,0.005,delta
1766200194399,501512530784,0,ask,88176.10,0,delta
1766200194399,501512530784,0,ask,88180.80,0.020,delta
1766200194399,501512530784,0,ask,88181.10,0.001,delta
1766200194419,501512530878,0,bid,88170.90,2.026,delta
1766200194419,501512530878,0,bid,88163.50,0.004,delta
1766200194419,501512530878,0,bid,88162.50,0.014,delta
1766200194439,501512530978,0,bid,88170.90,2.016,delta
1766200194439,501512530978,0,bid,88165.80,0.001,delta
1766200194439,501512530978,0,ask,88180.70,0.005,delta
1766200194439,501512530978,0,ask,88180.80,0.015,delta
1766200194439,501512530978,0,ask,88184.90,0,delta
1766200194459,501512531084,0,bid,88170.90,2.015,delta
1766200194459,501512531084,0,bid,88169.80,0,delta
1766200194459,501512531084,0,bid,88169.30,0.005,delta
1766200194459,501512531084,0,ask,88180.60,0.005,delta
1766200194459,501512531084,0,ask,88180.70,0,delta
1766200194479,501512531175,0,ask,88180.40,0.005,delta
1766200194479,501512531175,0,ask,88180.60,0,delta
1766200194519,501512531392,0,bid,88166.80,0.132,delta
1766200194519,501512531392,0,ask,88171.00,0.962,delta
1766200194539,501512531472,0,ask,88184.20,0.082,delta
1766200194559,501512531569,0,ask,88180.30,0.005,delta
1766200194559,501512531569,0,ask,88180.40,0,delta
1766200194559,501512531569,0,ask,88184.20,0.178,delta
1766200194579,501512531663,0,ask,88174.40,0.574,delta
1766200194579,501512531663,0,ask,88175.20,0,delta
1766200194579,501512531663,0,ask,88180.00,0.007,delta
1766200194579,501512531663,0,ask,88180.30,0,delta
1766200194579,501512531663,0,ask,88184.90,0.004,delta
1766200194579,501512531663,0,ask,88185.00,0.082,delta
1766200194599,501512531751,0,bid,88169.30,0,delta
1766200194599,501512531751,0,bid,88168.60,0.005,delta
1766200194599,501512531751,0,ask,88172.40,0.001,delta
1766200194599,501512531751,0,ask,88185.00,0,delta
1766200194619,501512531828,0,bid,88165.70,0.021,delta
1766200194680,501512532085,0,bid,88170.90,2.012,delta
1766200194680,501512532085,0,ask,88179.90,0.005,delta
1766200194680,501512532085,0,ask,88180.00,0.002,delta
1766200194680,501512532085,0,ask,88184.90,0,delta
1766200194739,501512532318,0,bid,88163.50,0.006,delta
1766200194739,501512532318,0,bid,88162.50,0.012,delta
1766200194739,501512532318,0,ask,88179.90,0,delta
1766200194739,501512532318,0,ask,88180.00,0.007,delta
1766200194739,501512532318,0,ask,88184.90,0.004,delta
1766200194759,501512532391,0,bid,88163.50,0.004,delta
1766200194759,501512532391,0,bid,88162.50,0.014,delta
1766200194759,501512532391,0,ask,88179.40,0.005,delta
1766200194759,501512532391,0,ask,88180.00,0.002,delta
1766200194759,501512532391,0,ask,88184.50,0.123,delta
1766200194759,501512532391,0,ask,88184.90,0,delta
1766200194779,501512532432,0,bid,88166.80,0.112,delta
1766200194880,501512532607,0,bid,88165.70,0.001,delta
1766200194880,501512532607,0,ask,88179.40,0,delta
1766200194880,501512532607,0,ask,88179.50,0.005,delta
1766200194899,501512532640,0,bid,88165.70,0.021,delta
1766200194899,501512532640,0,ask,88176.60,0.001,delta
1766200194899,501512532640,0,ask,88184.80,0,delta
1766200194939,501512532705,0,ask,88179.50,0,delta
1766200194939,501512532705,0,ask,88179.60,0.005,delta
1766200195019,501512532812,0,ask,88174.20,0.005,delta
1766200195019,501512532812,0,ask,88174.40,0.569,delta
1766200195019,501512532812,0,ask,88179.40,0.005,delta
1766200195019,501512532812,0,ask,88179.60,0,delta
1766200195019,501512532812,0,ask,88184.70,0,delta
1766200195040,501512532847,0,ask,88179.40,0,delta
1766200195040,501512532847,0,ask,88179.60,0.005,delta
1766200195159,501512532941,0,ask,88179.60,0,delta
1766200195159,501512532941,0,ask,88179.70,0.005,delta
1766200195179,501512532982,0,ask,88179.70,0,delta
1766200195179,501512532982,0,ask,88179.90,0.005,delta
1766200195199,501512533066,0,bid,88170.90,2.015,delta
1766200195219,501512533146,0,ask,88179.80,0.005,delta
1766200195219,501512533146,0,ask,88179.90,0,delta
1766200195239,501512533231,0,ask,88179.70,0.005,delta
1766200195239,501512533231,0,ask,88179.80,0,delta
1766200195260,501512533268,0,bid,88163.50,0.006,delta
1766200195260,501512533268,0,bid,88162.50,0.012,delta
1766200195279,501512533288,0,bid,88163.50,0.004,delta
1766200195279,501512533288,0,bid,88162.50,0.014,delta
1766200195319,501512533324,0,ask,88172.40,0,delta
1766200195319,501512533324,0,ask,88184.70,0.001,delta
1766200195399,501512533415,0,ask,88179.60,0.005,delta
1766200195399,501512533415,0,ask,88179.70,0,delta
1766200195640,501512533619,0,ask,88179.60,0,delta
1766200195640,501512533619,0,ask,88179.80,0.005,delta
1766200195659,501512533643,0,ask,88171.00,0.908,delta
1766200195659,501512533643,0,ask,88172.40,0.001,delta
1766200195659,501512533643,0,ask,88184.70,0,delta
1766200195699,501512533796,0,bid,88170.90,2.012,delta
1766200195739,501512533966,0,bid,88163.50,0.006,delta
1766200195739,501512533966,0,bid,88162.50,0.012,delta
1766200195759,501512534092,0,bid,88170.90,2.662,delta
1766200195759,501512534092,0,ask,88179.80,0,delta
1766200195759,501512534092,0,ask,88180.00,0.007,delta
1766200195759,501512534092,0,ask,88184.50,0.103,delta
1766200195759,501512534092,0,ask,88184.70,0.001,delta
1766200195779,501512534223,0,bid,88168.70,0.005,delta
1766200195779,501512534223,0,bid,88168.60,0,delta
1766200195779,501512534223,0,bid,88163.50,0.004,delta
1766200195779,501512534223,0,bid,88162.50,0.014,delta
1766200195799,501512534420,0,bid,88170.90,2.012,delta
1766200195799,501512534420,0,ask,88179.70,0.005,delta
1766200195799,501512534420,0,ask,88180.00,0.002,delta
1766200195799,501512534420,0,ask,88184.70,0,delta
1766200195919,501512535019,0,ask,88179.60,0.005,delta
1766200195919,501512535019,0,ask,88179.70,0,delta
1766200195999,501512535422,0,bid,88170.90,2.015,delta
1766200196019,501512535543,0,bid,88170.90,2.014,delta
1766200196019,501512535543,0,bid,88168.70,0,delta
1766200196019,501512535543,0,bid,88165.90,0.005,delta
1766200196019,501512535543,0,ask,88174.20,0,delta
1766200196019,501512535543,0,ask,88179.60,0,delta
1766200196019,501512535543,0,ask,88179.90,0.005,delta
1766200196019,501512535543,0,ask,88181.10,0.006,delta
1766200196019,501512535543,0,ask,88184.70,0.001,delta
1766200196039,501512535683,0,bid,88165.90,0,delta
1766200196039,501512535683,0,bid,88164.50,0.005,delta
1766200196039,501512535683,0,bid,88162.10,0,delta
1766200196039,501512535683,0,bid,88161.50,0.082,delta
1766200196039,501512535683,0,ask,88178.70,0.005,delta
1766200196039,501512535683,0,ask,88179.60,0.005,delta
1766200196039,501512535683,0,ask,88179.90,0,delta
1766200196039,501512535683,0,ask,88181.10,0.001,delta
1766200196039,501512535683,0,ask,88184.70,0,delta
1766200196059,501512535721,0,bid,88165.20,0.030,delta
1766200196099,501512535780,0,bid,88164.50,0,delta
1766200196099,501512535780,0,bid,88164.10,0.005,delta
1766200196119,501512535845,0,ask,88171.00,0.915,delta
1766200196119,501512535845,0,ask,88184.20,0.082,delta
1766200196139,501512535899,0,bid,88165.70,0.001,delta
1766200196139,501512535899,0,ask,88184.50,0.123,delta
1766200196159,501512535937,0,ask,88179.40,0.005,delta
1766200196159,501512535937,0,ask,88179.60,0,delta
1766200196179,501512535955,0,ask,88172.40,0,delta
1766200196179,501512535955,0,ask,88184.70,0.001,delta
1766200196200,501512535998,0,bid,88162.10,0.787,delta
1766200196200,501512535998,0,bid,88161.50,0,delta
1766200196219,501512536027,0,ask,88179.40,0,delta
1766200196219,501512536027,0,ask,88179.60,0.005,delta
1766200196279,501512536081,0,ask,88179.60,0,delta
1766200196279,501512536081,0,ask,88179.70,0.005,delta
1766200196339,501512536149,0,ask,88179.70,0,delta
1766200196339,501512536149,0,ask,88179.90,0.005,delta
1766200196359,501512536237,0,ask,88179.80,0.005,delta
1766200196359,501512536237,0,ask,88179.90,0,delta
1766200196559,501512536996,0,ask,88172.40,0.001,delta
1766200196559,501512536996,0,ask,88184.70,0,delta
1766200196599,501512537142,0,ask,88179.80,0,delta
1766200196599,501512537142,0,ask,88179.90,0.005,delta
1766200196659,501512537341,0,ask,88179.80,0.005,delta
1766200196659,501512537341,0,ask,88179.90,0,delta
1766200196739,501512537479,0,ask,88171.00,0.908,delta
1766200196779,501512537660,0,bid,88164.90,0.005,delta
1766200196779,501512537660,0,bid,88164.10,0,delta
1766200196779,501512537660,0,ask,88179.80,0,delta
1766200196779,501512537660,0,ask,88180.10,0.146,delta
1766200196779,501512537660,0,ask,88184.70,0.001,delta
1766200196799,501512537743,0,bid,88163.50,0.006,delta
1766200196799,501512537743,0,bid,88162.50,0.012,delta
1766200196819,501512537923,0,bid,88170.90,2.664,delta
1766200196819,501512537923,0,bid,88169.70,0.651,delta
1766200196819,501512537923,0,bid,88165.70,0.021,delta
1766200196819,501512537923,0,bid,88165.20,0.010,delta
1766200196819,501512537923,0,bid,88163.50,0.004,delta
1766200196819,501512537923,0,bid,88162.50,0.014,delta
1766200196819,501512537923,0,ask,88178.70,0,delta
1766200196819,501512537923,0,ask,88179.00,0.006,delta
1766200196819,501512537923,0,ask,88180.10,0.141,delta
1766200196819,501512537923,0,ask,88180.30,0.005,delta
1766200196839,501512538036,0,bid,88169.20,0.652,delta
1766200196859,501512538171,0,bid,88168.50,0.651,delta
1766200196859,501512538171,0,bid,88166.80,0.132,delta
1766200196859,501512538171,0,bid,88165.70,0.001,delta
1766200196859,501512538171,0,ask,88184.20,0,delta
1766200196859,501512538171,0,ask,88184.80,0.001,delta
1766200196879,501512538373,0,bid,88170.90,2.014,delta
1766200196879,501512538373,0,bid,88168.40,0.656,delta
1766200196879,501512538373,0,bid,88164.90,0.007,delta
1766200196879,501512538373,0,bid,88162.50,0.012,delta
1766200196879,501512538373,0,ask,88171.00,0.915,delta
1766200196879,501512538373,0,ask,88180.10,0.146,delta
1766200196879,501512538373,0,ask,88180.30,0,delta
1766200196879,501512538373,0,ask,88184.90,0.004,delta
1766200196899,501512538504,0,bid,88166.80,0.112,delta
1766200196899,501512538504,0,bid,88164.90,0.005,delta
1766200196899,501512538504,0,bid,88163.00,0.021,delta
1766200196899,501512538504,0,ask,88171.00,0.908,delta
1766200196899,501512538504,0,ask,88184.50,0.103,delta
1766200196919,501512538590,0,bid,88163.50,0.006,delta
1766200196919,501512538590,0,bid,88163.00,0.019,delta
1766200196939,501512538703,0,bid,88164.90,0.007,delta
1766200196939,501512538703,0,bid,88163.50,0.004,delta
1766200196959,501512538794,0,bid,88165.10,1.625,delta
1766200196959,501512538794,0,ask,88180.10,0.141,delta
1766200196959,501512538794,0,ask,88180.30,0.005,delta
1766200196959,501512538794,0,ask,88184.90,0,delta
1766200196999,501512538980,0,bid,88163.80,0.004,delta
1766200197019,501512539131,0,bid,88164.90,0,delta
1766200197019,501512539131,0,bid,88164.70,0.002,delta
1766200197019,501512539131,0,ask,88180.20,0.005,delta
1766200197019,501512539131,0,ask,88180.30,0,delta
1766200197019,501512539131,0,ask,88184.40,0.028,delta
1766200197039,501512539235,0,bid,88165.10,1.630,delta
1766200197079,501512539388,0,bid,88170.90,2.011,delta
1766200197079,501512539388,0,ask,88171.00,0.915,delta
1766200197119,501512539475,0,bid,88164.90,0.002,delta
1766200197119,501512539475,0,bid,88164.70,0,delta
1766200197119,501512539475,0,ask,88180.10,0.146,delta
1766200197119,501512539475,0,ask,88180.20,0,delta
1766200197119,501512539475,0,ask,88184.90,0.004,delta
1766200197180,501512539508,0,ask,88184.40,0.008,delta
1766200197199,501512539570,0,ask,88171.00,0.908,delta
1766200197199,501512539570,0,ask,88172.40,0,delta
1766200197199,501512539570,0,ask,88185.00,0.102,delta
1766200197219,501512539647,0,ask,88180.10,0.141,delta
1766200197219,501512539647,0,ask,88180.20,0.005,delta
1766200197219,501512539647,0,ask,88185.00,0,delta
1766200197259,501512539731,0,ask,88180.10,0.146,delta
1766200197259,501512539731,0,ask,88180.20,0,delta
1766200197259,501512539731,0,ask,88185.00,0.102,delta
1766200197279,501512539830,0,bid,88170.90,2.661,delta
1766200197279,501512539830,0,ask,88179.00,0.001,delta
1766200197279,501512539830,0,ask,88179.20,0.005,delta
1766200197279,501512539830,0,ask,88180.10,0.141,delta
1766200197279,501512539830,0,ask,88180.40,0.005,delta
1766200197279,501512539830,0,ask,88184.90,0,delta
1766200197279,501512539830,0,ask,88185.00,0,delta
1766200197319,501512539938,0,ask,88180.30,0.005,delta
1766200197319,501512539938,0,ask,88180.40,0,delta
1766200197379,501512540182,0,bid,88165.70,0.021,delta
1766200197399,501512540289,0,ask,88180.20,0.005,delta
1766200197399,501512540289,0,ask,88180.30,0,delta
1766200197419,501512540372,0,bid,88165.10,1.610,delta
1766200197479,501512540608,0,bid,88165.80,0.021,delta
1766200197499,501512540714,0,bid,88165.70,0.001,delta
1766200197519,501512540879,0,bid,88170.90,2.011,delta
1766200197519,501512540879,0,bid,88165.10,1.605,delta
1766200197519,501512540879,0,bid,88164.90,0.007,delta
1766200197519,501512540879,0,ask,88178.70,0.005,delta
1766200197519,501512540879,0,ask,88179.20,0,delta
1766200197519,501512540879,0,ask,88180.00,0.007,delta
1766200197519,501512540879,0,ask,88180.20,0,delta
1766200197519,501512540879,0,ask,88184.90,0.004,delta
1766200197539,501512540986,0,bid,88165.80,0.001,delta
1766200197559,501512541122,0,ask,88171.00,0.922,delta
1766200197599,501512541268,0,ask,88172.40,0.001,delta
1766200197599,501512541268,0,ask,88184.90,0,delta
1766200197619,501512541344,0,bid,88165.60,0.091,delta
1766200197619,501512541344,0,bid,88165.10,1.625,delta
1766200197619,501512541344,0,bid,88164.90,0.005,delta
1766200197619,501512541344,0,bid,88164.70,0.002,delta
1766200197619,501512541344,0,bid,88161.60,0,delta
1766200197639,501512541422,0,ask,88180.00,0.002,delta
1766200197639,501512541422,0,ask,88180.10,0.146,delta
1766200197819,501512541755,0,ask,88180.10,0.141,delta
1766200197819,501512541755,0,ask,88180.20,0.005,delta
1766200197819,501512541755,0,ask,88184.80,0,delta
1766200197979,501512542532,0,ask,88171.00,0.913,delta
1766200198019,501512542745,0,ask,88179.70,0.005,delta
1766200198019,501512542745,0,ask,88180.20,0,delta
1766200198039,501512542856,0,ask,88179.70,0,delta
1766200198039,501512542856,0,ask,88180.20,0.005,delta
1766200198119,501512543285,0,ask,88180.10,0.146,delta
1766200198119,501512543285,0,ask,88180.20,0,delta
1766200198119,501512543285,0,ask,88184.80,0.001,delta
1766200198159,501512543380,0,ask,88180.10,0.141,delta
1766200198159,501512543380,0,ask,88180.20,0.005,delta
1766200198159,501512543380,0,ask,88184.80,0,delta
1766200198179,501512543427,0,bid,88169.70,0.001,delta
1766200198179,501512543427,0,ask,88180.00,0.007,delta
1766200198179,501512543427,0,ask,88180.20,0,delta
1766200198179,501512543427,0,ask,88184.80,0.001,delta
1766200198199,501512543453,0,bid,88166.80,0.132,delta
1766200198199,501512543453,0,ask,88180.00,0.002,delta
1766200198199,501512543453,0,ask,88180.20,0.005,delta
1766200198199,501512543453,0,ask,88184.80,0,delta
1766200198219,501512543493,0,bid,88168.30,0.673,delta
1766200198239,501512543515,0,bid,88166.80,0.112,delta
1766200198239,501512543515,0,ask,88171.00,0.800,delta
1766200198259,501512543655,0,bid,88169.20,0.002,delta
1766200198259,501512543655,0,bid,88164.70,0,delta
1766200198259,501512543655,0,bid,88163.50,0.006,delta
1766200198259,501512543655,0,bid,88161.60,0.032,delta
1766200198259,501512543655,0,ask,88171.00,0.812,delta
1766200198259,501512543655,0,ask,88172.40,0,delta
1766200198259,501512543655,0,ask,88178.70,0,delta
1766200198259,501512543655,0,ask,88179.00,0.006,delta
1766200198259,501512543655,0,ask,88184.80,0.001,delta
1766200198259,501512543655,0,ask,88184.90,0.004,delta
1766200198279,501512543692,0,bid,88166.80,0.132,delta
1766200198279,501512543692,0,ask,88180.20,0,delta
1766200198279,501512543692,0,ask,88180.30,0.005,delta
1766200198299,501512543746,0,bid,88164.70,0.002,delta
1766200198299,501512543746,0,bid,88163.50,0.004,delta
1766200198299,501512543746,0,bid,88161.60,0,delta
1766200198319,501512543801,0,bid,88165.10,1.605,delta
1766200198319,501512543801,0,bid,88164.90,0.007,delta
1766200198319,501512543801,0,bid,88164.70,0,delta
1766200198319,501512543801,0,bid,88161.60,0.032,delta
1766200198319,501512543801,0,ask,88180.20,0.005,delta
1766200198319,501512543801,0,ask,88180.30,0,delta
1766200198339,501512543850,0,bid,88164.90,0.005,delta
1766200198339,501512543850,0,bid,88163.50,0.006,delta
1766200198359,501512543953,0,bid,88168.10,0.652,delta
1766200198359,501512543953,0,ask,88180.00,0.007,delta
1766200198359,501512543953,0,ask,88180.20,0,delta
1766200198359,501512543953,0,ask,88185.00,0.102,delta
1766200198379,501512544074,0,bid,88166.80,0.112,delta
1766200198379,501512544074,0,ask,88180.00,0.002,delta
1766200198379,501512544074,0,ask,88180.10,0.146,delta
1766200198399,501512544196,0,bid,88165.10,1.625,delta
1766200198419,501512544279,0,ask,88180.10,0.141,delta
1766200198419,501512544279,0,ask,88180.20,0.005,delta
1766200198419,501512544279,0,ask,88185.00,0,delta
1766200198439,501512544421,0,bid,88164.70,0.002,delta
1766200198439,501512544421,0,bid,88163.50,0.004,delta
1766200198439,501512544421,0,bid,88161.60,0,delta
1766200198579,501512545062,0,bid,88168.50,0.671,delta
1766200198599,501512545215,0,bid,88165.10,1.605,delta
1766200198639,501512545405,0,bid,88170.90,2.013,delta
1766200198639,501512545405,0,ask,88171.00,0.788,delta
1766200198639,501512545405,0,ask,88172.40,0.001,delta
1766200198639,501512545405,0,ask,88184.90,0,delta
1766200198659,501512545522,0,bid,88170.90,2.011,delta
1766200198779,501512545659,0,ask,88180.20,0,delta
1766200198779,501512545659,0,ask,88180.30,0.005,delta
1766200198799,501512545702,0,ask,88180.20,0.005,delta
1766200198799,501512545702,0,ask,88180.30,0,delta
1766200198859,501512545748,0,ask,88180.20,0,delta
1766200198859,501512545748,0,ask,88180.40,0.005,delta
1766200198939,501512545959,0,bid,88165.90,0.005,delta
1766200198939,501512545959,0,bid,88164.90,0,delta
1766200198939,501512545959,0,ask,88171.00,0.208,delta
1766200198939,501512545959,0,ask,88179.00,0.001,delta
1766200198939,501512545959,0,ask,88179.90,0.005,delta
1766200198939,501512545959,0,ask,88180.40,0,delta
1766200198939,501512545959,0,ask,88181.10,0.006,delta
1766200198939,501512545959,0,ask,88184.80,0.021,delta
1766200198959,501512546276,0,bid,88170.90,2.661,delta
1766200198959,501512546276,0,bid,88169.70,0.651,delta
1766200198959,501512546276,0,bid,88168.10,0.002,delta
1766200198959,501512546276,0,bid,88165.60,0.147,delta
1766200198959,501512546276,0,ask,88171.00,0.087,delta
1766200198959,501512546276,0,ask,88181.10,0.001,delta
1766200198959,501512546276,0,ask,88181.30,0.193,delta
1766200198979,501512547271,0,bid,88174.20,4.277,delta
1766200198979,501512547271,0,bid,88173.20,0.580,delta
1766200198979,501512547271,0,bid,88173.00,0.001,delta
1766200198979,501512547271,0,bid,88172.90,0.740,delta
1766200198979,501512547271,0,bid,88172.40,0.096,delta
1766200198979,501512547271,0,bid,88171.80,0.581,delta
1766200198979,501512547271,0,bid,88171.60,0.981,delta
1766200198979,501512547271,0,bid,88171.50,0.981,delta
1766200198979,501512547271,0,bid,88171.20,0.581,delta
1766200198979,501512547271,0,bid,88171.00,0.282,delta
1766200198979,501512547271,0,bid,88170.90,1.132,delta
1766200198979,501512547271,0,bid,88169.20,0.652,delta
1766200198979,501512547271,0,bid,88168.50,0.651,delta
1766200198979,501512547271,0,bid,88168.30,0.023,delta
1766200198979,501512547271,0,bid,88168.10,0.005,delta
1766200198979,501512547271,0,bid,88167.80,0.001,delta
1766200198979,501512547271,0,bid,88167.60,0.005,delta
1766200198979,501512547271,0,bid,88165.90,0,delta
1766200198979,501512547271,0,bid,88165.40,0.797,delta
1766200198979,501512547271,0,bid,88162.80,0,delta
1766200198979,501512547271,0,bid,88162.70,0,delta
1766200198979,501512547271,0,bid,88162.60,0,delta
1766200198979,501512547271,0,bid,88162.50,0,delta
1766200198979,501512547271,0,bid,88162.40,0,delta
1766200198979,501512547271,0,bid,88162.30,0,delta
1766200198979,501512547271,0,bid,88162.20,0,delta
1766200198979,501512547271,0,bid,88162.10,0,delta
1766200198979,501512547271,0,bid,88162.00,0,delta
1766200198979,501512547271,0,bid,88161.90,0,delta
1766200198979,501512547271,0,bid,88161.80,0,delta
1766200198979,501512547271,0,bid,88161.70,0,delta
1766200198979,501512547271,0,ask,88171.00,0,delta
1766200198979,501512547271,0,ask,88171.10,0,delta
1766200198979,501512547271,0,ask,88171.40,0,delta
1766200198979,501512547271,0,ask,88171.60,0,delta
1766200198979,501512547271,0,ask,88172.40,0,delta
1766200198979,501512547271,0,ask,88172.70,0,delta
1766200198979,501512547271,0,ask,88173.00,0,delta
1766200198979,501512547271,0,ask,88173.30,0,delta
1766200198979,501512547271,0,ask,88173.60,0,delta
1766200198979,501512547271,0,ask,88174.30,0.607,delta
1766200198979,501512547271,0,ask,88174.40,0.567,delta
1766200198979,501512547271,0,ask,88174.50,0.001,delta
1766200198979,501512547271,0,ask,88176.60,0,delta
1766200198979,501512547271,0,ask,88177.80,0.010,delta
1766200198979,501512547271,0,ask,88179.90,0,delta
1766200198979,501512547271,0,ask,88181.30,0.188,delta
1766200198979,501512547271,0,ask,88181.90,0.005,delta
1766200198979,501512547271,0,ask,88182.10,0.018,delta
1766200198979,501512547271,0,ask,88182.60,0.005,delta
1766200198979,501512547271,0,ask,88184.50,0,delta
1766200198979,501512547271,0,ask,88184.90,0.004,delta
1766200198979,501512547271,0,ask,88185.00,0.082,delta
1766200198979,501512547271,0,ask,88185.10,1.411,delta
1766200198979,501512547271,0,ask,88185.30,0.012,delta
1766200198979,501512547271,0,ask,88185.40,0.021,delta
1766200198979,501512547271,0,ask,88185.50,0.017,delta
1766200198979,501512547271,0,ask,88185.60,0.004,delta
1766200198979,501512547271,0,ask,88185.80,0.935,delta
1766200198979,501512547271,0,ask,88185.90,0.628,delta
1766200198999,501512547442,0,bid,88174.20,4.279,delta
1766200198999,501512547442,0,bid,88170.80,0.001,delta
1766200198999,501512547442,0,bid,88167.60,0,delta
1766200198999,501512547442,0,bid,88167.10,0.005,delta
1766200198999,501512547442,0,bid,88163.70,0.012,delta
1766200198999,501512547442,0,bid,88162.90,0,delta
1766200198999,501512547442,0,ask,88181.00,0.005,delta
1766200198999,501512547442,0,ask,88181.30,0.131,delta
1766200198999,501512547442,0,ask,88181.90,0,delta
1766200199019,501512547590,0,bid,88163.70,0.220,delta
1766200199019,501512547590,0,ask,88182.30,0.005,delta
1766200199019,501512547590,0,ask,88182.60,0,delta
1766200199039,501512547788,0,bid,88167.10,0,delta
1766200199039,501512547788,0,bid,88165.90,0.005,delta
1766200199039,501512547788,0,bid,88165.10,1.625,delta
1766200199039,501512547788,0,ask,88179.90,0.005,delta
1766200199039,501512547788,0,ask,88181.00,0,delta
1766200199039,501512547788,0,ask,88181.20,0.005,delta
1766200199039,501512547788,0,ask,88182.30,0,delta
1766200199039,501512547788,0,ask,88184.80,0.001,delta
1766200199059,501512547920,0,bid,88174.20,4.286,delta
1766200199059,501512547920,0,bid,88170.90,1.125,delta
1766200199059,501512547920,0,bid,88169.10,0.002,delta
1766200199059,501512547920,0,bid,88164.70,0,delta
1766200199079,501512548063,0,ask,88185.10,0.768,delta
1766200199099,501512548195,0,bid,88171.60,0.392,delta
1766200199099,501512548195,0,bid,88171.50,0.392,delta
1766200199119,501512548740,0,bid,88174.20,4.217,delta
1766200199119,501512548740,0,bid,88173.20,0,delta
1766200199119,501512548740,0,bid,88172.90,0.160,delta
1766200199119,501512548740,0,bid,88171.80,0.001,delta
1766200199119,501512548740,0,bid,88171.60,0,delta
1766200199119,501512548740,0,bid,88171.50,0,delta
1766200199119,501512548740,0,bid,88171.20,0.001,delta
1766200199119,501512548740,0,bid,88171.00,0.115,delta
1766200199119,501512548740,0,bid,88166.60,0.006,delta
1766200199119,501512548740,0,bid,88165.90,0,delta
1766200199119,501512548740,0,bid,88162.90,0.016,delta
1766200199119,501512548740,0,bid,88162.80,0.008,delta
1766200199119,501512548740,0,bid,88162.70,0.014,delta
1766200199119,501512548740,0,bid,88162.60,1.399,delta
1766200199119,501512548740,0,ask,88174.30,0.056,delta
1766200199119,501512548740,0,ask,88179.90,0,delta
1766200199119,501512548740,0,ask,88180.70,0.005,delta
1766200199119,501512548740,0,ask,88181.20,0,delta
1766200199119,501512548740,0,ask,88181.50,0.002,delta
1766200199119,501512548740,0,ask,88181.90,0.005,delta
1766200199119,501512548740,0,ask,88185.10,1.363,delta
1766200199119,501512548740,0,ask,88185.90,0.422,delta
1766200199139,501512549040,0,bid,88174.20,4.174,delta
1766200199139,501512549040,0,bid,88170.80,0.651,delta
1766200199139,501512549040,0,bid,88168.40,0.006,delta
1766200199139,501512549040,0,bid,88165.50,0.020,delta
1766200199139,501512549040,0,bid,88162.60,0,delta
1766200199139,501512549040,0,ask,88174.30,0.049,delta
1766200199139,501512549040,0,ask,88180.90,0.005,delta
1766200199139,501512549040,0,ask,88181.30,0.071,delta
1766200199139,501512549040,0,ask,88181.90,0,delta
1766200199159,501512549201,0,bid,88166.60,0.001,delta
1766200199159,501512549201,0,bid,88165.80,0.006,delta
1766200199159,501512549201,0,bid,88165.10,1.605,delta
1766200199159,501512549201,0,ask,88179.90,0.005,delta
1766200199159,501512549201,0,ask,88180.70,0,delta
1766200199159,501512549201,0,ask,88184.80,0.175,delta
1766200199179,501512549477,0,bid,88169.10,0,delta
1766200199179,501512549477,0,bid,88168.30,0.025,delta
1766200199179,501512549477,0,bid,88162.60,1.399,delta
1766200199179,501512549477,0,ask,88180.90,0,delta
1766200199179,501512549477,0,ask,88181.20,0.005,delta
1766200199179,501512549477,0,ask,88181.30,0.113,delta
1766200199199,501512549666,0,bid,88168.30,0.023,delta
1766200199199,501512549666,0,bid,88165.00,3.776,delta
1766200199199,501512549666,0,ask,88174.30,0.056,delta
1766200199199,501512549666,0,ask,88185.00,0.102,delta
1766200199219,501512549909,0,ask,88181.20,0,delta
1766200199219,501512549909,0,ask,88181.30,0.118,delta
1766200199219,501512549909,0,ask,88186.00,0.036,delta
1766200199279,501512550422,0,ask,88185.10,0.768,delta
1766200199299,501512550564,0,ask,88181.10,0.006,delta
1766200199299,501512550564,0,ask,88181.30,0.113,delta
1766200199299,501512550564,0,ask,88185.00,0.082,delta
1766200199339,501512550887,0,bid,88166.90,0.009,delta
1766200199339,501512550887,0,bid,88165.80,0.001,delta
1766200199339,501512550887,0,ask,88174.30,0.049,delta
1766200199339,501512550887,0,ask,88179.90,0,delta
1766200199339,501512550887,0,ask,88180.70,0.005,delta
1766200199339,501512550887,0,ask,88181.10,0.001,delta
1766200199339,501512550887,0,ask,88181.90,0.005,delta
1766200199339,501512550887,0,ask,88186.00,0,delta
1766200199359,501512551117,0,ask,88181.80,0.013,delta
1766200199359,501512551117,0,ask,88181.90,0,delta
1766200199359,501512551117,0,ask,88186.00,0.036,delta
1766200199399,501512551541,0,bid,88166.90,0.004,delta
1766200199399,501512551541,0,bid,88166.60,0.006,delta
1766200199399,501512551541,0,ask,88181.60,0.005,delta
1766200199399,501512551541,0,ask,88181.80,0.008,delta
1766200199399,501512551541,0,ask,88186.00,0,delta
1766200199419,501512551721,0,ask,88181.50,0.007,delta
1766200199419,501512551721,0,ask,88181.60,0,delta
1766200199419,501512551721,0,ask,88186.00,0.036,delta
1766200199439,501512551980,0,bid,88174.20,3.542,delta
1766200199439,501512551980,0,bid,88171.00,0.117,delta
1766200199439,501512551980,0,bid,88166.60,0.001,delta
1766200199439,501512551980,0,ask,88174.30,0.790,delta
1766200199439,501512551980,0,ask,88179.90,0.005,delta
1766200199439,501512551980,0,ask,88180.70,0,delta
1766200199439,501512551980,0,ask,88180.80,0.020,delta
1766200199439,501512551980,0,ask,88181.50,0.002,delta
1766200199459,501512552068,0,bid,88168.10,0.003,delta
1766200199459,501512552068,0,bid,88165.70,0.006,delta
1766200199459,501512552068,0,bid,88163.10,0.123,delta
1766200199459,501512552068,0,ask,88180.80,0.015,delta
1766200199459,501512552068,0,ask,88180.90,0.005,delta
1766200199459,501512552068,0,ask,88183.40,0,delta
1766200199479,501512552147,0,ask,88174.30,0.793,delta
1766200199479,501512552147,0,ask,88185.10,1.345,delta
1766200199519,501512552317,0,ask,88180.90,0,delta
1766200199519,501512552317,0,ask,88181.00,0.005,delta
1766200199579,501512552549,0,bid,88165.70,0.026,delta
1766200199579,501512552549,0,ask,88181.00,0,delta
1766200199579,501512552549,0,ask,88181.10,0.006,delta
1766200199579,501512552549,0,ask,88186.10,0.016,delta
1766200199659,501512552737,0,ask,88181.10,0.001,delta
1766200199659,501512552737,0,ask,88181.20,0.005,delta
1766200199659,501512552737,0,ask,88186.10,0,delta
1766200199679,501512552770,0,bid,88165.50,0,delta
1766200199679,501512552770,0,bid,88162.50,0.012,delta
1766200199839,501512553011,0,ask,88181.20,0,delta
1766200199839,501512553011,0,ask,88181.30,0.118,delta
1766200199839,501512553011,0,ask,88186.10,0.016,delta
1766200199860,501512553068,0,bid,88166.40,0.106,delta
1766200199860,501512553068,0,bid,88165.70,0.001,delta
1766200199860,501512553068,0,ask,88179.90,0,delta
1766200199860,501512553068,0,ask,88180.70,0.005,delta
1766200199860,501512553068,0,ask,88181.30,0.113,delta
1766200199860,501512553068,0,ask,88181.40,0.005,delta
1766200199860,501512553068,0,ask,88186.10,0,delta
1766200199879,501512553090,0,bid,88165.70,0.021,delta
1766200199879,501512553090,0,ask,88180.00,0.007,delta
1766200199879,501512553090,0,ask,88180.70,0,delta
1766200199879,501512553090,0,ask,88186.10,0.016,delta
1766200199899,501512553116,0,bid,88166.40,0.101,delta
1766200199899,501512553116,0,bid,88165.90,0.005,delta
1766200199899,501512553116,0,bid,88162.50,0,delta
1766200199919,501512553147,0,ask,88174.30,0.800,delta
1766200199939,501512553233,0,ask,88181.30,0.118,delta
1766200199939,501512553233,0,ask,88181.40,0,delta
1766200199939,501512553233,0,ask,88183.30,0.117,delta
1766200199939,501512553233,0,ask,88186.30,0.028,delta
1766200199959,501512553324,0,bid,88171.00,0.102,delta
1766200199979,501512553367,0,bid,88168.40,0.002,delta
1766200199999,501512553492,0,ask,88185.90,0.424,delta
1766200200019,501512553575,0,bid,88174.20,3.585,delta
1766200200019,501512553575,0,ask,88174.30,0.753,delta
1766200200019,501512553575,0,ask,88181.00,0.005,delta
1766200200019,501512553575,0,ask,88181.30,0.113,delta
1766200200019,501512553575,0,ask,88183.30,0.018,delta
1766200200019,501512553575,0,ask,88186.30,0,delta
1766200200039,501512553655,0,ask,88181.00,0,delta
1766200200039,501512553655,0,ask,88181.40,0.005,delta
1766200200079,501512553778,0,ask,88185.00,0.102,delta
1766200200099,501512553880,0,bid,88174.20,3.542,delta
1766200200099,501512553880,0,bid,88174.10,0.139,delta
1766200200099,501512553880,0,bid,88162.60,0,delta
1766200200119,501512553950,0,ask,88181.30,0.118,delta
1766200200119,501512553950,0,ask,88181.40,0,delta
1766200200119,501512553950,0,ask,88186.30,0.028,delta
1766200200139,501512554043,0,bid,88165.80,0.021,delta
1766200200159,501512554081,0,bid,88165.70,0.001,delta
1766200200279,501512554483,0,bid,88165.90,0.025,delta
1766200200279,501512554483,0,ask,88178.70,0.080,delta
1766200200279,501512554483,0,ask,88186.30,0,delta
1766200200300,501512554528,0,bid,88174.20,3.562,delta
1766200200300,501512554528,0,ask,88185.00,0.082,delta
1766200200319,501512554555,0,bid,88165.80,0.001,delta
1766200200319,501512554555,0,bid,88165.50,0.004,delta
1766200200319,501512554555,0,bid,88162.70,0,delta
1766200200339,501512554574,0,bid,88174.10,0.190,delta
1766200200339,501512554574,0,ask,88174.30,0.756,delta
1766200200419,501512554827,0,bid,88170.80,0.669,delta
1766200200439,501512554923,0,bid,88165.90,0.005,delta
1766200200439,501512554923,0,bid,88165.50,0.020,delta
1766200200499,501512555126,0,bid,88174.20,3.567,delta
1766200200519,501512555222,0,ask,88174.30,0.767,delta
1766200200559,501512555295,0,bid,88170.90,0.475,delta
1766200200559,501512555295,0,bid,88170.80,0.019,delta
1766200200580,501512555318,0,bid,88169.70,0.001,delta
1766200200580,501512555318,0,bid,88165.50,0.016,delta
1766200200599,501512555347,0,bid,88174.20,3.565,delta
1766200200599,501512555347,0,bid,88168.40,0.652,delta
1766200200599,501512555347,0,bid,88166.80,0.132,delta
1766200200620,501512555378,0,bid,88168.30,0.673,delta
1766200200659,501512555417,0,bid,88174.20,3.568,delta
1766200200679,501512555428,0,bid,88165.50,0.020,delta
1766200200679,501512555428,0,ask,88178.70,0,delta
1766200200679,501512555428,0,ask,88186.30,0.028,delta
1766200200700,501512555444,0,bid,88165.50,0.004,delta
1766200200739,501512555515,0,bid,88166.40,0.106,delta
1766200200739,501512555515,0,bid,88165.90,0,delta
1766200200739,501512555515,0,bid,88162.70,0.014,delta
1766200200739,501512555515,0,ask,88181.30,0.113,delta
1766200200739,501512555515,0,ask,88181.40,0.005,delta
1766200200739,501512555515,0,ask,88186.30,0,delta
1766200200780,501512555547,0,ask,88174.30,0.773,delta
1766200200879,501512555629,0,bid,88166.80,0.112,delta
1766200200899,501512555639,0,bid,88165.50,0.020,delta
1766200200920,501512555664,0,bid,88165.00,3.774,delta
1766200200920,501512555664,0,bid,88164.90,0.002,delta
1766200200920,501512555664,0,bid,88162.70,0,delta
1766200200940,501512555681,0,bid,88174.20,3.569,delta
1766200200940,501512555681,0,bid,88165.50,0.016,delta
1766200200960,501512555741,0,bid,88165.50,0.020,delta
1766200201019,501512555792,0,bid,88166.40,0.101,delta
1766200201039,501512555822,0,bid,88166.40,0.106,delta
1766200201079,501512555901,0,ask,88174.30,0.776,delta
1766200201159,501512556044,0,bid,88166.40,0.101,delta
1766200201159,501512556044,0,bid,88165.60,0.152,delta
1766200201159,501512556044,0,ask,88179.20,0.005,delta
1766200201159,501512556044,0,ask,88180.00,0.002,delta
1766200201159,501512556044,0,ask,88180.60,0.005,delta
1766200201159,501512556044,0,ask,88181.40,0,delta
1766200201159,501512556044,0,ask,88186.10,0,delta
1766200201179,501512556081,0,ask,88179.20,0,delta
1766200201179,501512556081,0,ask,88179.90,0.005,delta
1766200201179,501512556081,0,ask,88180.60,0,delta
1766200201179,501512556081,0,ask,88180.70,0.005,delta
1766200201199,501512556116,0,ask,88180.70,0,delta
1766200201199,501512556116,0,ask,88180.80,0.020,delta
1766200201199,501512556116,0,ask,88186.10,0.016,delta
1766200201219,501512556168,0,bid,88165.50,0.016,delta
1766200201219,501512556168,0,ask,88180.80,0.015,delta
1766200201219,501512556168,0,ask,88180.90,0.005,delta
1766200201219,501512556168,0,ask,88186.10,0,delta
1766200201239,501512556207,0,ask,88180.90,0,delta
1766200201239,501512556207,0,ask,88181.00,0.005,delta
1766200201279,501512556280,0,bid,88165.50,0.020,delta
1766200201279,501512556280,0,ask,88181.00,0,delta
1766200201279,501512556280,0,ask,88181.10,0.006,delta
1766200201279,501512556280,0,ask,88186.10,0.016,delta
1766200201339,501512556372,0,ask,88181.10,0.001,delta
1766200201339,501512556372,0,ask,88181.20,0.005,delta
1766200201339,501512556372,0,ask,88186.10,0,delta
1766200201399,501512556406,0,ask,88181.20,0,delta
1766200201399,501512556406,0,ask,88181.30,0.118,delta
1766200201399,501512556406,0,ask,88186.10,0.016,delta
1766200201519,501512556500,0,ask,88181.30,0.113,delta
1766200201519,501512556500,0,ask,88181.40,0.005,delta
1766200201519,501512556500,0,ask,88186.10,0,delta
1766200201579,501512556569,0,bid,88166.40,0.106,delta
1766200201579,501512556569,0,bid,88165.60,0.147,delta
1766200201699,501512557025,0,ask,88178.70,0.080,delta
1766200201699,501512557025,0,ask,88186.00,0,delta
1766200201879,501512557620,0,bid,88165.50,0.016,delta
1766200201899,501512557639,0,bid,88165.50,0.020,delta
1766200201999,501512557890,0,ask,88181.40,0,delta
1766200201999,501512557890,0,ask,88181.50,0.007,delta
1766200201999,501512557890,0,ask,88186.00,0.036,delta
1766200202019,501512557943,0,bid,88169.20,0.002,delta
1766200202019,501512557943,0,bid,88166.40,0.101,delta
1766200202019,501512557943,0,bid,88165.90,0.005,delta
1766200202019,501512557943,0,bid,88162.80,0,delta
1766200202019,501512557943,0,ask,88181.30,0.118,delta
1766200202019,501512557943,0,ask,88181.50,0.002,delta
1766200202039,501512557989,0,bid,88166.40,0.106,delta
1766200202039,501512557989,0,bid,88165.90,0,delta
1766200202039,501512557989,0,bid,88165.50,0.004,delta
1766200202039,501512557989,0,bid,88162.80,0.008,delta
1766200202039,501512557989,0,ask,88181.30,0.113,delta
1766200202039,501512557989,0,ask,88181.50,0.007,delta
1766200202039,501512557989,0,ask,88184.90,0.086,delta
1766200202059,501512558028,0,bid,88167.10,0.005,delta
1766200202059,501512558028,0,bid,88166.40,0.101,delta
1766200202059,501512558028,0,bid,88162.80,0,delta
1766200202059,501512558028,0,ask,88179.90,0,delta
1766200202059,501512558028,0,ask,88181.00,0.005,delta
1766200202059,501512558028,0,ask,88181.50,0.002,delta
1766200202059,501512558028,0,ask,88182.30,0.005,delta
1766200202059,501512558028,0,ask,88186.00,0,delta
1766200202099,501512558062,0,ask,88182.00,0.008,delta
1766200202099,501512558062,0,ask,88182.30,0,delta
1766200202099,501512558062,0,ask,88186.00,0.036,delta
1766200202120,501512558116,0,bid,88174.20,3.612,delta
1766200202120,501512558116,0,bid,88165.70,0.021,delta
1766200202120,501512558116,0,bid,88165.50,0,delta
1766200202120,501512558116,0,bid,88162.80,0.008,delta
1766200202139,501512558147,0,bid,88174.20,3.569,delta
1766200202139,501512558147,0,bid,88167.10,0,delta
1766200202139,501512558147,0,bid,88166.90,0.009,delta
1766200202139,501512558147,0,bid,88162.70,0.014,delta
1766200202139,501512558147,0,ask,88178.70,0,delta
1766200202139,501512558147,0,ask,88181.80,0.013,delta
1766200202139,501512558147,0,ask,88182.00,0.003,delta
1766200202139,501512558147,0,ask,88186.10,0.016,delta
1766200202159,501512558179,0,bid,88168.10,0.653,delta
1766200202179,501512558238,0,bid,88165.50,0.020,delta
1766200202179,501512558238,0,bid,88162.70,0,delta
1766200202219,501512558394,0,bid,88166.90,0.004,delta
1766200202219,501512558394,0,bid,88166.70,0.912,delta
1766200202219,501512558394,0,ask,88181.70,0.006,delta
1766200202219,501512558394,0,ask,88181.80,0.008,delta
1766200202239,501512558448,0,ask,88181.60,0.005,delta
1766200202239,501512558448,0,ask,88181.70,0.001,delta
1766200202239,501512558448,0,ask,88186.10,0,delta
1766200202299,501512558577,0,bid,88174.20,3.568,delta
1766200202320,501512558645,0,bid,88166.70,0.907,delta
1766200202320,501512558645,0,bid,88166.50,0.016,delta
1766200202320,501512558645,0,bid,88165.70,0.001,delta
1766200202320,501512558645,0,ask,88181.50,0.007,delta
1766200202320,501512558645,0,ask,88181.60,0,delta
1766200202320,501512558645,0,ask,88186.10,0.016,delta
1766200202379,501512558710,0,bid,88168.50,0.671,delta
1766200202419,501512558755,0,ask,88182.20,0.082,delta
1766200202419,501512558755,0,ask,88186.10,0,delta
1766200202439,501512558769,0,bid,88165.50,0,delta
1766200202439,501512558769,0,bid,88162.70,0.014,delta
1766200202460,501512558789,0,ask,88180.00,0.007,delta
1766200202460,501512558789,0,ask,88181.00,0,delta
1766200202460,501512558789,0,ask,88181.40,0.005,delta
1766200202460,501512558789,0,ask,88181.50,0.002,delta
1766200202579,501512558941,0,bid,88165.50,0.020,delta
1766200202579,501512558941,0,bid,88162.70,0,delta
1766200202679,501512559148,0,bid,88168.50,0.651,delta
1766200202699,501512559187,0,bid,88167.30,0.006,delta
1766200202719,501512559238,0,bid,88168.50,0.671,delta
1766200202779,501512559377,0,bid,88168.50,0.021,delta
1766200202779,501512559377,0,bid,88168.40,0.002,delta
1766200202779,501512559377,0,bid,88168.30,0.023,delta
1766200202799,501512559430,0,bid,88168.50,0.001,delta
1766200202799,501512559430,0,bid,88165.50,0,delta
1766200202799,501512559430,0,bid,88162.70,0.014,delta
1766200202879,501512559640,0,ask,88183.30,0.117,delta
1766200202900,501512559675,0,ask,88178.70,0.080,delta
1766200202900,501512559675,0,ask,88181.30,0.162,delta
1766200202900,501512559675,0,ask,88186.00,0,delta
1766200202919,501512559729,0,bid,88165.70,0.021,delta
1766200202959,501512559840,0,bid,88166.50,0.011,delta
1766200202959,501512559840,0,bid,88165.50,0.005,delta
1766200202959,501512559840,0,bid,88163.10,0.122,delta
1766200202959,501512559840,0,bid,88162.70,0,delta
1766200202959,501512559840,0,ask,88179.20,0.005,delta
1766200202959,501512559840,0,ask,88180.00,0.002,delta
1766200202959,501512559840,0,ask,88180.60,0.005,delta
1766200202959,501512559840,0,ask,88181.40,0,delta
1766200202959,501512559840,0,ask,88185.90,0,delta
1766200202979,501512559910,0,ask,88179.20,0,delta
1766200202979,501512559910,0,ask,88179.90,0.005,delta
1766200202979,501512559910,0,ask,88180.60,0,delta
1766200202979,501512559910,0,ask,88180.70,0.005,delta
1766200202999,501512559975,0,bid,88165.80,0.021,delta
